2602 4620
623 307 685 374 lto

174 482 260 576 reu't',
295 508 376 584 quos
401 493 522 560 fruetus
549 491 703 559 Cieero
737 493 771 556 in
797 513 962 577 numerosa
986 491 1125 560 oratione

176 607 375 680 oonlloieuda
397 628 447 675 ex
482 606 735 676 Aristotele
757 608 957 698 perceperim
996 628 1034 674 ex
1057 628 1123 696 qua

180 723 411 809 eomparatione
445 719 508 787 lioe
528 719 605 786 item
626 733 735 812 patere
756 715 836 783 mihi
871 715 1016 799 videtur,
1052 719 1123 784 Ci-

182 855 386 904 ceronem
420 836 513 921 nugis
533 835 626 901 etiam
647 835 683 899 in
710 856 767 900 sno
786 835 921 898 Oratore
936 831 1126 922 quamlibro

180 952 274 1018 tendo
296 948 337 1016 de
347 955 479 1017 Oratore
491 949 692 1035 Aristotel
702 952 736 1016 is
749 948 823 1015 libri
848 949 929 1014 tertii
942 947 983 1014 de
995 946 1122 1015 Rhoso-

180 1069 245 1135 ries
272 1069 423 1135 rationem
445 1084 477 1132 et
498 1066 683 1158 disputandi
709 1068 856 1135 ordinem
876 1089 941 1132 esse
972 1082 1124 1133 secutum.

340 1299 508 1366 Ciceronis
532 1299 707 1366 Orationes
731 1308 764 1366 et
784 1301 967 1389 Epistulae.

227 1536 335 1616 „Duo
352 1536 473 1618 sunt'',
498 1550 535 1600 ut
558 1536 601 1599 ait
623 1535 782 1600 Cicero
807 1531 882 1620 (l),
907 1553 1021 1621 „quae
1043 1530 1126 1593 bene

183 1667 315 1719 tractata
348 1654 389 1718 eb
411 1667 555 1732 oratore,
592 1648 808 1717 admirabilem
835 1647 1049 1740 eloquentiam
1072 1645 1124 1710 fa-

181 1777 294 1858 oiaut3
329 1796 469 1864 quormn
497 1772 631 1840 alterum
661 1788 726 1856 est,
760 1770 850 1862 quod
885 1771 999 1838 Graeci
1030 1768 1126 1840 ἠθικὸν

180 1905 317 1966 vorant,
339 1886 380 1956 ad
406 1905 554 1970 naturas,
578 1886 668 1954 etad
692 1909 813 1969 mores,
836 1902 868 1951 et
880 1884 920 1950 ad
930 1908 1061 1952 omnem
1072 1886 1123 1953 ri-

181 2024 229 2072 tae
252 2003 512 2076 consuetudinem
534 2002 830 2089 accommodatum
856 2001 1009 2084 alterum,
1033 2001 1123 2093 quod

181 2129 275 2220 iidem
298 2128 455 2201 παθητικὸν
481 2132 646 2199 nomInant
665 2175 677 2212 ,
696 2153 763 2223 quo
784 2131 1014 2221 perturbantur
1026 2131 1124 2196 animi

181 2265 213 2315 et
231 2250 467 2333 renodantur,
501 2251 535 2314 in
562 2275 627 2340 quo
655 2273 721 2316 nno
742 2266 851 2335 regnet
869 2250 977 2316 oratio.
1037 2247 1124 2316 Illud

181 2365 344 2458 superius,
368 2388 482 2447 rome,
502 2364 706 2453 jucundum,
728 2361 768 2428 ad
781 2363 1027 2432 benivolentiam
1040 2388 1122 2432 con-

182 2479 347 2548 ciliandam
359 2496 515 2570 paratum:
542 2479 625 2562 hoe,
648 2479 835 2562 vehemens,
858 2481 1041 2564 incensum,
1057 2475 1120 2546 'in-

181 2598 330 2672 citatum,
356 2619 423 2686 quo
446 2619 552 2662 musae
572 2596 775 2684 eripiuntur:
800 2594 900 2684 quod,
924 2621 999 2662 cum
1008 2595 1121 2688 rapide

179 2714 304 2794 fertur,
336 2712 481 2778 sustineri
514 2710 602 2778 nullo
624 2713 726 2802 ‘paeto
749 2728 863 2803 potest.
908 2714 984 2802 Quo
1008 2737 1121 2800 genere

180 2852 257 2912 nos,
280 2823 470 2912 medioeres,
497 2840 551 2895 aut
570 2826 671 2895 multo
697 2829 789 2894 etiam
812 2830 933 2898 minus:
959 2829 1013 2896 sed
1043 2855 1115 2896 ma-

180 2968 244 3033 gno
266 2967 391 3038 semper
411 2945 457 3010 usi
480 2947 627 3034 impetu,
650 2968 739 3035 saepe
763 2924 952 3014 adverssirios
976 2943 1016 3011 de
1039 2962 1120 3012 statu

179 3037 266 3126 omni
296 3055 478 3147 dejecimus.
522 3061 621 3126 Nobis
653 3083 715 3152 pro
745 3059 884 3126 familiari
914 3085 1119 3142 reosummus

179 3190 282 3242 orator
309 3197 375 3240 non
396 3172 562 3267 respondit
588 3176 841 3241 Hortensius
865 3173 925 3266 (2).
966 3155 1000 3244 Ἀ
1025 3179 1117 3245 nobis

178 3291 275 3358 homo
294 3287 512 3356 audacissimus
534 3288 733 3356 Catilina
766 3291 800 3355 in
827 3309 936 3357 senatu
957 3308 1119 3361 recusatus

181 3404 351 3472 obmutuit.
404 3405 504 3470 Nobis
534 3406 654 3496 privata
676 3406 711 3469 in
736 3430 825 3472 eausa
848 3430 959 3490 magna
981 3422 1012 3469 et
1035 3406 1119 3490 gravi

182 3545 287 3614 quum
309 3521 459 3611 coepisset
482 3523 619 3588 Curio
653 3537 744 3612 pater
767 3516 979 3607 respondere,
1014 3517 1121 3584 subilo

221 3775 262 3852 (ll
283 3771 364 3833 Orat.
398 3792 424 3832 e.
453 3772 504 3830 57.
550 3769 588 3845 (ἓ)
611 3766 752 3845 Significat
772 3763 914 3826 Cicero
937 3770 1059 3832 notiones
1090 3774 1118 3834 in

180 3885 344 3948 Verrem.

979 3993 1027 4058 8.
