2602 4620
544 294 548 300 ’
609 323 672 389 213

595 505 704 574 xvn.

217 650 269 717 Da
302 650 428 733 Italia,
457 650 647 739 Hispania,
672 647 852 716 Lusitania
878 664 965 718 reste
985 660 1111 718 monuit

174 767 334 832 Heeren
345 791 405 845 us,
429 765 473 833 kl.
492 765 565 832 hist.
586 765 777 850 Schriften,
812 769 907 834 Tom.
932 770 958 850 1,
974 794 1019 856 .p.
1044 771 1112 848 79:

176 884 241 965 „Es
279 879 336 967 lag.
363 881 453 948 nicht
473 883 507 946 in
529 880 602 948 dem
623 883 744 949 Verbot
772 880 838 947 und
862 880 926 948 den
948 883 1115 950 Austalten

175 997 233 1064 der
268 999 510 1085 Regierungen,
545 1022 576 1063 es
607 997 656 1082 lag
691 998 725 1062 in
756 996 831 1069 dem
863 998 1036 1065 Charakter
1059 997 1117 1065 der

176 1115 357 1196 Nationen,
392 1137 484 1182 wenn
517 1112 569 1179 die
593 1113 807 1182 Reformation
833 1115 865 1179 in
885 1117 961 1201 jene
988 1113 1117 1182 Liades

176 1229 291 1295 keinen
313 1231 457 1315 EIngang
480 1227 593 1295 fand”.

585 1428 705 1496 XVIII.

218 1569 343 1635 Ramim
377 1572 590 1658 publicarum
619 1580 765 1635 naturae
796 1581 1018 1636 consentanea
1037 1582 1117 1636 sunt

175 1688 255 1752 haec
300 1685 627 1773 MontesquIviI
668 1685 778 1765 dista,
812 1684 852 1751 de
895 1686 1028 1776 l’Esprit
1060 1685 1115 1753 des

174 1803 272 1876 Lois‚
310 1801 397 1884 VIII,
435 1801 485 1884 16,
521 1798 580 1880 xl,
616 1801 677 1870 192
725 1799 773 1878 „11
808 1817 854 1866 est
888 1800 975 1867 dela
1002 1819 1115 1868 nature
1141 1886 1144 1891 .

174 1919 274 1985 d’une
307 1917 499 2008 ripublique
534 1916 649 2009 qu’elle
685 1919 762 1983 n’ait
785 1919 905 2008 qu’un'
914 1920 994 2009 petit
1017 1920 1113 1985 terri-

175 2036 275 2116 toire3
308 2057 377 2099 sans
410 2033 472 2101 cela
506 2033 562 2099 elle
585 2058 625 2100 ne
646 2050 722 2123 peut
745 2039 841 2119 guare
866 2035 1048 2100 subsister''.
1068 2071 1112 2086 —-

175 2149 273 2231 „Une
300 2148 495 2241 ripublique
527 2151 584 2235 qui
626 2149 795 2238 conquiert
829 2173 869 2213 ne
911 2165 989 2239 peut
1018 2151 1113 2235 guise

176 2265 419 2354 communiquer
442 2287 497 2330 son
521 2279 769 2348 gouvernement
787 2281 818 2328 et
831 2265 916 2350 rigis
928 2264 1016 2331 l’stat
1028 2288 1109 2332 con-

177 2377 247 2466 quis
269 2375 353 2443 selon
378 2375 406 2441 la
431 2377 531 2441 forme
553 2373 593 2440 de
613 2399 642 2440 sa
671 2375 912 2441 constitution’'.

223 2716 263 2785 Si
279 2717 445 2783 Romanas
467 2742 540 2784 cnm
564 2718 705 2787 Graecis
727 2741 973 2808 comparemus,
999 2743 1112 2786 veram

177 2835 310 2901 videtur
330 2837 543 2903 Ciceronis
567 2836 711 2918 dictam,
736 2838 833 2902 Tusc.
856 2837 881 2918 I,
912 2838 923 2902 I
943 2867 950 2902 ε
982 2840 1113 2920 „Mores

178 2969 209 3017 et
242 2953 383 3019 instituta
415 2953 513 3035 vitae,
548 2975 662 3042 resque
684 2950 869 3019 domesticas
892 2979 930 3019 ac
949 2954 1112 3021 samIIiares

177 3091 234 3134 nos
263 3067 407 3158 profecto
442 3086 475 3134 et
512 3068 619 3135 melius
652 3085 779 3134 tuemur
810 3085 842 3133 et
864 3068 975 3135 lautius
1002 3068 1113 3162 (quam

178 3184 339 3268 Graeci)''.

602 3329 678 3395 XX.

223 3480 353 3549 Solams
375 3479 562 3566 σεισάχθειαν
589 3502 674 3563 nan,
699 3493 737 3546 nt
759 3483 1003 3565 multivolam,
1027 3507 1111 3548 usn-

177 3622 293 3665 raram
316 3605 561 3680 remissionem,
584 3598 645 3664 sed
660 3603 773 3686 potins
795 3599 975 3665 debitorum
1001 3601 1113 3665 aboli-

178 3720 296 3783 tionem
318 3715 502 3782 habendam
525 3737 593 3780 esse
615 3736 792 3780 censemus.
