2602 4620
624 299 683 366 152

171 512 270 562 torrae
299 491 470 560 commodis
508 491 571 556 srui
604 490 722 559 dobere
754 511 878 575 censet,
913 514 949 562 ut
983 494 1025 564 sit
1051 503 1112 572 τοῖς

170 616 314 705 πολεμίοις
339 613 544 703 δυσέμβολος,
586 614 680 690 αὐτοῖς
706 611 885 703 δἐὐέξοδος,
913 619 1111 709 εὐσύνοπτος,

172 741 341 828 εὐβοήθητος
368 739 430 828 (1).
473 735 659 807 Cavendum
696 755 799 806 tamen
834 742 968 808 maxime
989 762 1111 828 monet,

173 881 215 925 ne
248 872 441 926 mercaturae
461 872 493 922 ct
514 854 680 942 navigandi
702 853 807 923 studio
830 858 953 924 avaritia
986 859 1113 926 indies

174 978 271 1064 magis
289 975 411 1058 alatur-3
437 989 582 1066 oportere
601 973 697 1059 igitur
719 989 828 1060 portus
847 991 879 1039 et
904 975 1021 1042 navalia
1039 996 1114 1068 epte

173 1116 238 1159 esse
260 1090 436 1183 disposite,
468 1107 524 1168 ut,
547 1113 608 1157 nec
632 1092 744 1155 urbem
763 1107 946 1177 occupent,
971 1115 1032 1159 nec
1054 1095 1112 1157 ni-

172 1208 231 1273 mis
253 1208 294 1273 ab
316 1230 352 1273 ea
375 1204 516 1285 distent,
538 1204 593 1270 sed
616 1207 834 1274 communibus
856 1208 953 1272 muris
973 1233 1010 1274 ec
1034 1233 1112 1274 mu·

174 1324 321 1388 nimentis
355 1324 578 1389 contineantur
613 1319 673 1409 (2).
720 1323 803 1389 Haec
825 1323 920 1408 igitur
945 1323 1112 1390 commoda

176 1461 250 1503 cum
272 1439 359 1503 urbis
379 1439 494 1504 Romae
520 1438 595 1502 situs
618 1438 903 1528 complecteretur,
928 1463 1001 1505 eum
1027 1465 1114 1530 quo-

178 1576 243 1644 que
277 1554 418 1621 Cicero
447 1555 536 1640 justo
568 1554 671 1641 pretio
694 1554 885 1636 aestimavit,
919 1553 1113 1640 magnificis-

180 1693 244 1760 que
266 1668 344 1736 adeo
362 1666 507 1735 leudibus
529 1668 663 1736 extulit:
690 1669 782 1758 „Qul
806 1669 912 1759 potuit
935 1667 1073 1741 divinius
1085 1687 1117 1735 et

180 1785 327 1851 utilitates
373 1783 541 1874 complecti
570 1785 737 1849 maritimas
770 1782 956 1850 Romulus
988 1799 1021 1847 et
1044 1785 1118 1850 vitia

178 1903 303 1968 vitoe?
338 1925 435 1988 quern
465 1899 552 1991 quod
576 1901 689 1964 urbem
707 1901 865 1989 peremnis
887 1901 986 1964 amnis
1005 1916 1037 1964 et
1060 1923 1116 1963 ae-

184 2015 317 2107 quabilis
344 2032 376 2081 et
398 2018 431 2079 in
453 2040 535 2081 mere
566 2015 625 2079 late
653 2015 814 2080 influentis
845 2017 949 2106 posuit
969 2017 1000 2079 in
1025 2017 1117 2104 ripa,

183 2153 249 2220 quo
273 2144 375 2219 posset
394 2130 523 2193 urbs-et
544 2132 688 2221 accipere
706 2155 744 2196 ex
775 2132 874 2211 mari,
908 2155 972 2219 quo
992 2147 1120 2214 egeret,

182 2235 214 2312 et
236 2243 390 2323 reddere,
414 2268 480 2332 quo
505 2242 714 2312 redundarem
736 2245 910 2336 eodemque
930 2263 965 2310 ut
985 2245 1118 2310 flumine

183 2384 232 2427 res
265 2360 305 2427 ad
335 2355 454 2427 victum
491 2362 678 2452 cultumque
698 2363 831 2428 maxime
853 2361 1033 2428 necessarios
1053 2383 1120 2425 non

184 2477 284 2544 solum
305 2478 383 2542 meri
405 2478 606 2561 absorberet,
630 2475 685 2541 sed
707 2477 800 2542 etiem
818 2474 1121 2566 inrecusacciperet

115 2569 118 2574 ι
184 2617 222 2660 ex
242 2595 347 2658 term’'
371 2591 430 2678 (3).

231 2711 281 2774 Ex
305 2708 354 2773 his
376 2707 470 2788 locis,
494 2708 550 2771 etsi
570 2730 634 2773 non
657 2731 763 2773 omnes
785 2705 894 2774 cedem
905 2709 1022 2773 trutina
1031 2731 1120 2799 pon-

189 2821 345 2888 ‹lercndos
376 2846 439 2887 esse
471 2821 646 2898 confitear,
671 2822 733 2890 hoc
752 2822 861 2890 saltem
882 2838 1030 2915 apparet,
1054 2824 1121 2888 Ci-

188 2962 375 3006 ceronem
413 2961 452 3002 ex
477 2936 614 3005 Politicis
645 2938 731 3006 libris
768 2938 1005 3008 Aristotelis
1035 2936 1121 3004 lreud

190 3081 306 3146 parum
339 3053 503 3142 proiecisse
535 3079 651 3143 eosque
670 3053 747 3122 adeo
765 3054 932 3142 diligenter
954 3056 995 3120 cb
1014 3078 1053 3120 eo
1072 3053 1122 3119 le-

191 3186 257 3236 ctos
279 3170 381 3234 luisse.
427 3172 519 3235 Juvat
547 3172 640 3236 etiem
668 3170 731 3236 hoc
750 3170 820 3238 loco
838 3170 995 3260 quaedam
1016 3192 1034 3232 e
1055 3169 1122 3234 Ci-

190 3286 347 3353 ceronis
370 3284 561 3375 Epistolis
584 3308 766 3375 apponere,
790 3310 808 3350 e
835 3287 1124 3376 quibusappereat‚

190 3441 231 3482 ne
257 3412 488 3482 Aristotelis
511 3411 641 3498 quidem
664 3407 902 3496 συμβουλευτικὸν
936 3410 1005 3499 πρὸς
1044 3409 1125 3476 Αλέ-

193 3538 317 3630 ξανδρον
339 3569 356 3607 a
379 3542 577 3608 Cicerone
600 3537 777 3625 neglectum
799 3538 901 3604 fuisse.

188 3665 436 3681 ffl-

235 3720 274 3793 (l)
298 3717 359 3775 Pol.
388 3716 447 3790 Vll,
475 3717 504 3775 5.
550 3714 589 3791 (2)
613 3713 656 3772 lb.
684 3732 710 3772 c.
733 3715 764 3773 6.
793 3713 837 3772 Cl.
868 3732 894 3773 c.
927 3716 977 3773 ll.
1028 3713 1126 3789 tolete

192 3826 266 3900 Rep.
307 3826 343 3898 ll,
377 3827 407 3883 5.
437 3825 480 3883 Cl.
506 3845 532 3884 e.
561 3824 608 3883 18.
634 3824 703 3884 Vide
729 3824 812 3884 etiam
838 3823 1040 3885 Wiehcrum
1061 3841 1130 3880 von

192 3931 412 4007 Swinderen,
437 3935 504 3994 diss.
531 3937 606 3994 leuel.
635 3950 665 4014 p.
695 3936 762 3997 158.
