2602 4620
624 343 669 408 55

174 528 315 619 periculo
348 526 453 611 idem,
490 524 578 617 quod
611 522 808 592 Antonius
836 524 920 613 ¹(l),
949 522 1111 614 judicium

174 648 261 716 tulit:
285 649 368 733 „Ex
390 643 651 714 commentariolis
676 644 799 710 nostris.
813 641 960 712 inchoate
971 640 1110 735 miudiq
1158 726 1162 738 1

173 762 384 842 exciderunt”
421 761 479 852 (2).
524 759 874 847 Magis-exercitationis
890 783 986 829 mum
1009 762 1112 850 qtlnm

173 879 292 948 edendi
314 876 444 946 consilio
458 877 719 960 Ciceronem,
746 893 811 944 tam
821 876 992 969 hocopus,
1013 880 1111 966 quim

176 997 301 1087 Topica
327 1011 363 1064 et
383 995 543 1075 Orctories
572 994 780 1077 Partitiones,
803 992 1045 1086 conseripiisse,
1061 994 1112 1058 'en

171 1114 304 1200 jejuna,
328 1134 425 1202 quam
444 1109 602 1194 referunt,
619 1111 739 1178 ratione
751 1111 885 1178 mammo
896 1124 1047 1199 apparet,
1073 1124 1111 1174 nt

177 1225 377 1311 seruitutem,
388 1279 392 1284 .
403 1252 466 1318 qua
478 1250 481 1253 ’
492 1227 593 1295 cetera
614 1230 683 1316 ejus
703 1228 821 1320 scripte
833 1226 909 1294 suut
921 1223 1110 1315 conspicuo,

177 1343 272 1436 plene
287 1341 521 1427 desideremus,
549 1341 737 1410 dominatur.
754 1341 835 1410 adeo
854 1344 889 1408 in
911 1341 973 1410 hoc
994 1346 1112 1435 opere,

180 1459 267 1549 qnod
295 1459 407 1526 ultimo
443 1459 511 1528 loco
535 1459 695 1543 indicavi,
727 1463 764 1526 in
788 1456 854 1552 quo
872 1460 1009 1545 magistri
1023 1459 1113 1546 perf»

180 1600 286 1653 sonem
317 1578 465 1645 Cicero
494 1570 622 1658 tuetur,
647 1577 728 1642 ratio
749 1573 989 1642 Aristotelis
1007 1571 1114 1639 libro-

181 1725 255 1767 rum
285 1702 482 1788 ἀκροατικῶν,
508 1723 589 1786 quae
607 1697 969 1797 elegantiorumnuribus
981 1697 1112 1765 minime

184 1831 290 1882 servit.

227 1931 399 2003 Librorum
423 1927 465 1994 dc
485 1928 671 1996 Inventione
691 1926 757 1994 duo
783 1943 905 1994 tantum
919 1973 928 2011 ,
940 1922 985 1992 sin
1000 1923 1118 2016 quibus

185 2045 324 2139 priorem
353 2043 528 2112 dialecticae
555 2060 678 2137 portem
709 2049 928 2111 incentionem
952 2032 1116 2135 exposuit,

187 2176 316 2228 aetatem
344 2159 508 2243 tulerunt3
545 2161 730 2252 posteriores
757 2176 861 2226 eutem
890 2158 977 2242 duo,
1000 2161 1119 2249 quibus

187 2276 314 2342 alteram
340 2289 463 2368 partem
479 2275 665 2362 judicandi
679 2275 860 2367 complexus
877 2292 970 2359 erat,
995 2300 1062 2343 non
1084 2291 1121 2344 ut

187 2391 305 2482 priores
327 2389 417 2476 editi,
441 2388 553 2476 sed,in
567 2393 817 2477 commentariis,
843 2408 879 2457 ut
891 2388 1028 2475 videtur,
1048 2413 1119 2456 ser-

187 2509 267 2591 vati,
289 2508 479 2598 perierunt,
504 2505 563 2572 hoe
581 2521 685 2574 autem
707 2505 944 2597 libros-veteres
969 2498 1121 2597 typogra-

188 2620 249 2710 phi
268 2623 328 2687 sub
357 2621 555 2688 Rhetoricae
580 2620 710 2688 Veteris
732 2619 824 2687 titulo
846 2617 1032 2704 ediderunt,
1054 2634 1124 2685 utu

188 2734 276 2803 libris
305 2735 344 2802 ad
379 2738 642 2803 Herennium
680 2737 749 2826 (3),
787 2737 904 2826 quihus
927 2734 1124 2803 Rhetoricae

189 2854 303 2922 Novae
330 2877 447 2920 nomen
479 2853 715 2941 imposuerant,
753 2851 1041 2940 distinguerentur3
1073 2853 1124 2920 cui

234 3083 273 3159 (l)
296 3081 332 3141 de
368 3081 445 3142 Oret.
485 3084 508 3159 l,
551 3083 590 3143 tt
614 3097 641 3144 et
665 3086 717 3144 ΙΙ.
755 3085 804 3173 (ΙΙ17
833 3085 984 3157 Quinct.
1015 3086 1062 3153 ΙΙΙ,
1094 3087 1123 3165 l,

128 3279 129 3282 Ἴ
193 3209 224 3268 p.
249 3188 310 3248 218
331 3190 448 3250 Burm.
475 3190 548 3250 Etlit.
595 3191 634 3269 (2)
657 3192 692 3252 de
715 3192 794 3253 Oret.
817 3194 839 3271 l,
863 3194 894 3253 9.
938 3193 1127 3255 Dehislibris
1227 3194 1245 3211 ’”

194 3299 343 3369 Quinct.
378 3299 399 3356 1.
435 3298 472 3359 0.
501 3300 550 3377 ΙΙΙ,
578 3301 608 3377 6,
634 3302 687 3362 hoc
705 3303 840 3392 judicium
869 3305 954 3364 tulit:
993 3317 1022 3364 ut
1051 3304 1128 3365 velut

195 3418 322 3486 regestae
356 3407 409 3468 sint
432 3409 460 3467 in
475 3409 527 3470 hos
548 3415 780 3492 commentarios,
804 3434 872 3494 quas
894 3415 1058 3476 adolescens
1079 3396 1132 3473 dess

196 3515 335 3588 duxerat,
373 3512 495 3573 scholae.
540 3517 578 3594 (5)
601 3516 716 3580 Constat
749 3521 833 3581 hodie
866 3519 938 3579 inter
963 3519 1129 3599 interpretes

196 3625 250 3686 lroc
279 3643 351 3703 opus
371 3643 426 3684 non
451 3644 511 3686 esse
540 3628 758 3697 Ciceronis.
781 3631 831 3690 sed
857 3630 1000 3710 cujusdam
1026 3648 1131 3711 aeque·

197 3738 231 3799 lis
252 3738 416 3819 scriptoris,
454 3740 511 3800 sive
540 3741 762 3829 Cornificii
799 3741 938 3819 junioris,
970 3753 1000 3802 ut
1036 3741 1070 3803 G.
1102 3742 1135 3802 J:

199 3851 350 3919 Vossio,
381 3852 415 3913 tle
446 3852 510 3911 Nat.
534 3864 562 3913 et
584 3852 681 3913 Const.
708 3853 791 3914 Rhet.
809 3872 834 3914 c.
856 3854 902 3922 tt,
914 3853 1039 3934 videtur,
1056 3855 1130 3930 sive,

202 3971 232 4020 ut
272 3960 474 4023 Schutsius
503 3974 623 4040 censet,
661 3963 699 4026 ll.
726 3964 875 4027 Antonii
904 3941 1131 4045 Gniplonis,
