2602 4620
620 294 666 362 '92

200 484 330 568 »Hujus
347 478 473 547 rationis
495 474 796 566 haoeimprimise'st
808 479 929 563 virtus,
954 483 1118 561 ntiu'rius·¹

129 611 132 616 '
174 596 519 686 :cujusque-sententia
545 594 851 682 maneatintegra,
872 611 906 661 et
936 598 1115 685 aimulfus

179 730 328 781 monente
350 712 549 806 quidemeo‚
571 713 628 801 qui
642 715 798 780 contraria
809 711 982 808 proponit,
1001 738 1122 812 sponnav

172 842 349 929 appareat,
396 854 477 924 quae
507 831 712 925 praeferenda
747 830 921 901 videaturs
947 836 1008 901 Est
1021 837 1117 924 igitur

173 942 368 1018 tliaesntio
382 994 388 1001 -
403 973 462 1016 usu
490 942 703 1038 pulcerrima,
736 942 840 1018 abusu.
870 944 1007 1018 demum
1036 951 1118 1020 facta-

174 1064 363 1148 tetsrrima3
386 1087 493 1130 ansam
517 1065 603 1131 enim
626 1065 773 1154 praebuit
790 1065 821 1130 ci
847 1063 1035 1156 disputandi
1048 1084 1116 1134 me-

179 1180 300 1267 thodo,
336 1184 427 1270 cujus
461 1196 571 1249 auctor
591 1174 1116 1274 praecipue'Carncadesiuit,

177 1313 218 1363 ut
235 1298 306 1386 pari
326 1296 473 1365 facultate
486 1313 607 1365 contra
629 1321 726 1388 quam
747 1321 809 1389 pro
832 1298 996 1384 veritate,-
1010 1303 1115 1377 virtu,-

178 1428 235 1497 te,
253 1413 374 1500 justitia
392 1410 562 1482 diceretur.
652 1456 655 1463 ,
1041 1410 1045 1417 ¹
1113 1428 1118 1435 ’

175 1573 181 1589 .
224 1530 308 1596 Cum
337 1530 435 1616 igitur
470 1544 555 1596 tanta
589 1530 634 1612 ris
667 1529 706 1595 sit
736 1528 968 1598 Aristotelii
995 1534 1118 1615 moris,

181 1638 371 1736 apponenda
392 1639 542 1710 videntur
560 1643 650 1725 loca,
675 1643 794 1733 quibus
817 1643 976 1733 Cicero
994 1667 1027 1712 se
1043 1670 1120 1714 eum

182 1779 324 1832 secutum
343 1785 407 1831 esse
430 1760 613 1856 profitetur.

225 1882 264 1945 In
308 1877 453 1972 Epistoiis
491 1878 532 1945 its
564 1877 676 1954 scribit
706 1873 746 1942 ad
780 1877 1012 1968 Lentulum
1046 1877 1116 1967 (i)r

177 1994 337 2085 ·,‚Scripsi
361 1994 457 2080 igitur
481 1991 733 2061 Aristotelio
763 2013 870 2077 more,
907 1991 1118 2082 quemadmo-

181 2106 262 2180 dum
286 2105 417 2199 quidem
435 2107 538 2189 volui,
572 2123 631 2174 tres
662 2108 759 2178 libros
781 2111 816 2175 in
841 2090 1057 2204 dispitationa
1083 2135 1120 2178 sc

182 2225 304 2313 dialogo
326 2223 376 2315 (2)
413 2223 455 2292 de
484 2229 636 2308 Oratore,
666 2250 746 2316 quos
770 2226 908 2293 arbitror
933 2225 1121 2294 Lentulo

176 2353 239 2411 'tuo
265 2342 332 2410 fore
347 2352 420 2409 ‘non
442 2339 576 2408 inutiles.
600 2339 785 2408 Abhorrent
807 2339 1117 2406 enimacommnni·

177 2463 243 2528 'b'us
264 2458 459 2551 praeceptis,
481 2471 578 2545 atque
599 2478 725 2522 omnem
745 2453 1135 2544 antiquorum‚'ctAri·--

181 2575 420 2660 stoteliam,
444 2589 477 2639 et
503 2571 771 2648 Isocratiam,
795 2570 1122 2637 rationemoratoriam

186 2691 478 2782 complectuntur.’'
501 2683 685 2754 Notandum
708 2702 740 2752 et
765 2685 1014 2764 hocCottae,
1041 2685 1121 2752 libro

177 2806 276 2872 tertio
305 2804 346 2870 dc
366 2808 501 2870 Oratore
524 2803 595 2891 (3),
619 2801 764 2870 dictum:
811 2851 833 2886 ,‚
846 2800 911 2870 sed
932 2802 1052 2869 etiamsi
1074 2819 1121 2869 est

183 2919 342 3011 aliquanto
358 2918 509 3009 spissius,
534 2935 588 2985 aut
611 2921 636 2985 si
660 2944 716 3007 ego
735 2944 805 2987 sum
816 2918 952 3000 tardior,
974 2918 1122 3009 profecte

179 3062 359 3131 ¹numquam
396 3039 635 3130 conquiescam,
673 3064 776 3132 neque
809 3038 1118 3126 defatigatorum,

178 3149 287 3246 'quam'
315 3154 440 3221 illorum
471 3155 622 3248 ancipites
658 3156 720 3220 rias
755 3156 955 3246 rationesque
990 3171 1021 3222 ct
1058 3179 1119 3247 pro

177 3271 351 3351 omnibus,
375 3286 407 3335 et
431 3287 540 3338 contra
565 3271 668 3337 omnia
680 3268 864 3363 disputandi
878 3321 892 3360 ,ἦ
910 3271 1118 3364 percepero''.

228 3388 317 3455 Haec.
336 3384 398 3453 suit
416 3387 455 3456 ,in
476 3384 564 3452 libris
587 3383 628 3450 de
650 3389 783 3453 Oratore
804 3388 848 3456 vis
861 3385 1118 3472 Aristotelii

175 3564 179 3570 ²
205 3563 401 3581 Μ

225 3675 265 3751 (i)
294 3673 330 3733 ad
360 3671 439 3730 Fam.
475 3668 498 3727 1.
538 3668 592 3747 Ep.
632 3671 663 3747 9,
704 3670 735 3752 §
758 3672 810 3732 23.
856 3674 896 3751 (ἢ)
921 3674 981 3733 lnv.
1014 3672 1048 3749 11,
1077 3673 1117 3732 2:

186 3781 444 3863 „Aristotelio
469 3799 546 3842 moro
565 3780 592 3841 in
615 3781 796 3861 disputatione
821 3803 854 3844 ac
882 3781 1025 3864 dialogo.'¹
1077 3783 1119 3861 (5)

186 3910 212 3950 c.
235 3891 286 3950 36.
313 3888 359 3949 Gi.
382 3890 422 3949 lb.
447 3907 474 3949 c.
500 3888 540 3950 tt
563 3900 591 3950 et
615 3887 690 3969 disp.
716 3910 743 3951 u.
764 3910 794 3971 p.
825 3891 875 3951 tr.
