2602 4620
630 324 669 391 16

175 522 225 589 vel
260 525 316 596 τοῖς
342 522 418 587 κατὰ
446 519 612 610 φιλοσοφίαν
640 518 715 607 (l)3
761 515 889 581 minime
919 537 992 580 vero
1017 512 1113 577 affir-

177 637 355 720 mandum,
387 662 455 703 eam
482 651 585 703 certae
609 651 641 700 et
662 632 832 700 constantis
850 628 1009 697 divisionis
1029 652 1112 695 nor-

174 779 259 819 mam
289 752 437 820 indicare.
498 749 551 818 Ad
585 749 763 817 Ritteri
799 748 894 833 igitur
925 745 1112 810 sententiam

175 871 318 960 proxime
339 866 512 947 recedens,
542 883 573 931 et
608 863 698 930 simul
718 861 851 929 diversas
867 858 1111 946 significationes

174 994 258 1058 vocis
296 990 470 1083 ἐξωτερικῶν
485 989 615 1081 ,quasS
630 1007 668 1055 ta
682 989 748 1055 hri
763 1013 809 1054 us
828 1003 988 1071 recenset,
1000 1003 1110 1052 atten-

175 1112 275 1197 dens,
301 1116 442 1207 eristimo
472 1117 510 1180 rei
535 1115 695 1204 depactissi
706 1165 717 1199 ,
747 1112 841 1178 fuisse
869 1109 1113 1200 depurationes

177 1234 326 1297 limatius
344 1237 549 1322 conscriptos
562 1281 571 1313 ,
584 1319 592 1327 .
605 1255 658 1297 seu
676 1231 939 1320 praelectiones,
969 1225 1111 1306 dictata,

177 1361 213 1412 ut
223 1345 375 1413 vocabulo
386 1364 457 1412 utar
479 1347 689 1414 recentiorum
708 1362 848 1411 sermone
872 1342 967 1428 magis
988 1341 1111 1420 usitato,

176 1444 342 1553 potius‘ali
375 1460 645 1528 Aristotelis
676 1457 850 1548 discipulis,
872 1479 971 1547 quum
1002 1455 1042 1521 ab
1074 1478 1112 1521 eo

176 1577 265 1663 ipso,
297 1576 332 1641 in
362 1573 466 1643 lucem
487 1591 657 1664 protracta.
704 1576 754 1641 Ex
784 1574 833 1638 his
856 1574 942 1640 enim
963 1569 1108 1663 discipu-

175 1690 278 1756 lorum
311 1689 388 1757 alter
422 1690 518 1757 altero
549 1693 642 1778 magis
673 1688 865 1779 proficiens,
893 1686 943 1754 vel
966 1685 1006 1752 ad
1033 1710 1109 1752 ver·

175 1809 254 1875 bum
282 1809 465 1893 magistrum
505 1825 649 1886 secutus,
694 1806 743 1873 vel
770 1829 828 1871 suo
856 1805 992 1895 quisque
1014 1799 1110 1869 modo

175 1947 347 2013 excerpens
378 1940 410 1989 et
431 1927 551 2015 optima
570 1947 715 2014 quaeque
735 1921 903 2009 colligens,
941 1943 995 1985 sua
1015 1943 1109 1986 com-

174 2039 289 2130 posuit.
344 2038 399 2106 Sic
439 2037 569 2106 demum
607 2042 666 2106 rite
702 2039 832 2126 intelligi
873 2053 999 2127 potest,
1045 2061 1112 2126 quo

175 2153 271 2222 modo
299 2152 364 2222 duo
383 2156 615 2241 Cetegoriarum
645 2180 761 2246 opera,
801 2154 1005 2247 quadraginta
1034 2152 1108 2219 libri

175 2268 435 2359 Analyticorum,
460 2271 517 2336 tria
547 2295 641 2364 opera
666 2272 856 2352 Rhetorice,
894 2273 951 2337 triu
969 2269 1107 2351 Ethice,

176 2408 256 2474 quae
282 2407 372 2476 saepe
397 2410 526 2477 prorsus
550 2388 632 2453 inter
663 2411 695 2453 se
727 2388 937 2468 conveniunt,
957 2388 1016 2452 sub
1043 2408 1109 2451 uno

176 2500 455 2569 Aristotelis
486 2505 615 2588 nomine
642 2504 838 2572 circumferri
859 2503 1021 2593 potuerint
1045 2501 1106 2591 (2).

175 2616 261 2683 Huic
306 2617 504 2709 explicationi
551 2619 634 2686 favet
670 2620 764 2686 etiam
818 2633 947 2684 externa
991 2619 1109 2710 species

175 2732 467 2823 Metaphysicorum
491 2735 669 2818 librorum,
691 2758 846 2825 ¹quorum
869 2733 1005 2820 singulae
1029 2759 1108 2826 par-

176 2864 242 2928 tes,
268 2871 386 2913 nexum
412 2849 498 2916 houd
521 2876 591 2920 raro
615 2850 851 2935 desiderantes,
870 2852 1020 2917 nimirum
1037 2852 1108 2915 sin-

174 2960 259 3047 gulas
277 2963 496 3053 praelectiones
517 2971 659 3037 referunt
679 2970 738 3060 (3).
769 2973 815 3037 Ita
843 2994 972 3061 quoque
991 2970 1110 3061 optime

174 3078 249 3147 solvi
273 3105 368 3170 posse,
384 3084 462 3151 mihi
483 3085 609 3155 videtur
636 3086 794 3156 dubitatio
815 3085 855 3154 de
878 3090 1109 3156 Ciceronis

176 3251 428 3268 m-

208 3364 247 3441 (l)
273 3363 318 3424 Cf.
334 3366 443 3427 Madv.
463 3367 531 3426 Ero.
545 3368 604 3435 Vll,
619 3388 648 3447 p.
664 3368 720 3429 861
739 3381 768 3430 et
786 3369 895 3430 Arist.
917 3370 1006 3430 Nic.
1023 3373 1055 3449 l,
1076 3371 1107 3432 8.

175 3477 215 3554 (2)
246 3474 300 3537 cu.
327 3477 445 3538 Arum.
471 3479 606 3539 Herm.
636 3480 1106 3562 Cat.sol.3,b,Simpl.Cat.

174 3585 224 3647 iol.
251 3587 294 3663 Ι,
318 3589 348 3663 b,
379 3589 428 3648 W.
454 3589 488 3648 Τ.
510 3588 623 3668 Krug,
647 3589 748 3650 Gesch.
773 3591 823 3650 der
846 3592 919 3651 Phil.
948 3593 1017 3652 alter
1035 3595 1107 3673 Zeit,

174 3713 205 3772 p.
232 3696 304 3774 242,
320 3697 345 3757 R
360 3697 369 3756 i
385 3709 497 3775 tter,
514 3697 550 3759 0.
564 3699 585 3758 Ι.
596 3718 627 3777 p.
640 3699 760 3775 ema
775 3701 793 3759 b
808 3721 834 3760 r.
863 3701 936 3762 Bibl.
954 3701 1054 3762 Graec.
1071 3704 1106 3779 lt,

173 3821 203 3880 p.
220 3804 291 3866 201.
334 3805 373 3883 (5)
389 3805 434 3866 (ΙΙ.
446 3806 469 3865 Β
483 3826 553 3870 rau
568 3808 586 3868 d
600 3807 609 3866 i
625 3826 653 3876 s,
671 3806 770 3870 Rheiu.
787 3809 859 3871 Mus.
878 3810 899 3885 Ι,
920 3810 968 3888 ΙΙΙ,
984 3829 1014 3888 p.
1031 3811 1104 3887 ete,
