<?xml version="1.0" encoding="UTF-8"?>
<!DOCTYPE html PUBLIC "-//W3C//DTD XHTML 1.0 Transitional//EN"
    "http://www.w3.org/TR/xhtml1/DTD/xhtml1-transitional.dtd">
<html xmlns="http://www.w3.org/1999/xhtml" xml:lang="en" lang="en">
 <head>
  <title>
</title>
<meta http-equiv="Content-Type" content="text/html;charset=utf-8" />
  <meta name='ocr-system' content='tesseract 3.04.00' />
  <meta name='ocr-capabilities' content='ocr_page ocr_carea ocr_par ocr_line ocrx_word'/>
</head>
<body>
  <div class='ocr_page' id='page_1' title='image "./disquisitiocrit00baumgoog_0184.png"; bbox 0 0 2602 4620; ppageno 0'>
   <div class='ocr_carea' id='block_1_1' title="bbox 644 329 702 397">
    <p class='ocr_par' dir='ltr' id='par_1_1' title="bbox 644 329 702 397">
     <span class='ocr_line' id='line_1_1' title="bbox 644 329 702 397; baseline 0.034 -2"><span class='ocrx_word' id='word_1_1' title='bbox 644 329 702 397; x_wconf 83' lang='lat' dir='ltr'><strong>tet</strong></span> 
     </span>
    </p>
   </div>
   <div class='ocr_carea' id='block_1_2' title="bbox 192 503 1139 1981">
    <p class='ocr_par' dir='ltr' id='par_1_2' title="bbox 192 503 1139 1981">
     <span class='ocr_line' id='line_1_2' title="bbox 202 503 1139 607; baseline 0.019 -34"><span class='ocrx_word' id='word_1_2' title='bbox 202 503 263 585; x_wconf 76' lang='lat' dir='ltr'><strong>„Si</strong></span> <span class='ocrx_word' id='word_1_3' title='bbox 286 504 365 573; x_wconf 81' lang='lat' dir='ltr'><strong>libet·</strong></span> <span class='ocrx_word' id='word_1_4' title='bbox 387 507 451 575; x_wconf 80' lang='lat' dir='ltr'><strong>An</strong></span> <span class='ocrx_word' id='word_1_5' title='bbox 464 507 717 578; x_wconf 88' lang='lat' dir='ltr'><strong>tiochinostri</strong></span> <span class='ocrx_word' id='word_1_6' title='bbox 730 536 854 581; x_wconf 79' lang='lat' dir='ltr'><strong>-veru</strong></span> <span class='ocrx_word' id='word_1_7' title='bbox 866 516 1030 607; x_wconf 78' lang='lat' dir='ltr'><strong>loquitur3</strong></span> <span class='ocrx_word' id='word_1_8' title='bbox 1058 523 1139 593; x_wconf 85' lang='lat' dir='ltr'><strong>nihil</strong></span> 
     </span>
     <span class='ocr_line' id='line_1_3' title="bbox 199 617 1139 707; baseline 0.022 -26"><span class='ocrx_word' id='word_1_9' title='bbox 199 633 265 699; x_wconf 89' lang='lat' dir='ltr'><strong>est,</strong></span> <span class='ocrx_word' id='word_1_10' title='bbox 289 617 378 707; x_wconf 88' lang='lat' dir='ltr'><strong>qnod</strong></span> <span class='ocrx_word' id='word_1_11' title='bbox 403 622 637 688; x_wconf 75' lang='lat' dir='ltr'>Pisonem-</span> <span class='ocrx_word' id='word_1_12' title='bbox 658 621 851 692; x_wconf 85' lang='lat' dir='ltr'><strong>desideres”.</strong></span> <span class='ocrx_word' id='word_1_13' title='bbox 873 629 1033 699; x_wconf 88' lang='lat' dir='ltr'><strong>Cicero</strong></span> <span class='ocrx_word' id='word_1_14' title='bbox 1053 636 1139 701; x_wconf 89' lang='lat' dir='ltr'><strong>enim</strong></span> 
     </span>
     <span class='ocr_line' id='line_1_4' title="bbox 199 732 1139 826; baseline 0.023 -32"><span class='ocrx_word' id='word_1_15' title='bbox 199 733 233 797; x_wconf 89' lang='lat' dir='ltr'><strong>in</strong></span> <span class='ocrx_word' id='word_1_16' title='bbox 259 732 347 800; x_wconf 88' lang='lat' dir='ltr'><strong>libris</strong></span> <span class='ocrx_word' id='word_1_17' title='bbox 371 733 413 802; x_wconf 90' lang='lat' dir='ltr'><strong>de</strong></span> <span class='ocrx_word' id='word_1_18' title='bbox 431 736 582 821; x_wconf 79' lang='lat' dir='ltr'><strong>Finibus,</strong></span> <span class='ocrx_word' id='word_1_19' title='bbox 606 736 648 803; x_wconf 88' lang='lat' dir='ltr'><strong>de</strong></span> <span class='ocrx_word' id='word_1_20' title='bbox 669 740 788 807; x_wconf 81' lang='lat' dir='ltr'><strong>Nature</strong></span> <span class='ocrx_word' id='word_1_21' title='bbox 812 743 969 826; x_wconf 89' lang='lat' dir='ltr'><strong>Deorum,</strong></span> <span class='ocrx_word' id='word_1_22' title='bbox 990 747 1026 811; x_wconf 91' lang='lat' dir='ltr'><strong>in</strong></span> <span class='ocrx_word' id='word_1_23' title='bbox 1049 749 1139 815; x_wconf 85' lang='lat' dir='ltr'><strong>Tus·</strong></span> 
     </span>
     <span class='ocr_line' id='line_1_5' title="bbox 198 845 1138 940; baseline 0.017 -27"><span class='ocrx_word' id='word_1_24' title='bbox 198 845 315 915; x_wconf 77' lang='lat' dir='ltr'><strong>nolanis</strong></span> <span class='ocrx_word' id='word_1_25' title='bbox 344 850 611 940; x_wconf 80' lang='lat' dir='ltr'><strong>Quaestionibus,</strong></span> <span class='ocrx_word' id='word_1_26' title='bbox 644 856 886 924; x_wconf 85' lang='lat' dir='ltr'><strong>Carneadis</strong></span> <span class='ocrx_word' id='word_1_27' title='bbox 906 860 1060 927; x_wconf 85' lang='lat' dir='ltr'><strong>rationem</strong></span> <span class='ocrx_word' id='word_1_28' title='bbox 1084 885 1138 929; x_wconf 89' lang='lat' dir='ltr'><strong>se-</strong></span> 
     </span>
     <span class='ocr_line' id='line_1_6' title="bbox 198 970 1139 1065; baseline 0.014 -36"><span class='ocrx_word' id='word_1_29' title='bbox 198 980 312 1050; x_wconf 92' lang='lat' dir='ltr'><strong>cutus,</strong></span> <span class='ocrx_word' id='word_1_30' title='bbox 335 970 494 1055; x_wconf 75' lang='lat' dir='ltr'><strong>quaesibi</strong></span> <span class='ocrx_word' id='word_1_31' title='bbox 518 973 653 1038; x_wconf 81' lang='lat' dir='ltr'><strong>maxime</strong></span> <span class='ocrx_word' id='word_1_32' title='bbox 677 973 821 1062; x_wconf 79' lang='lat' dir='ltr'><strong>placeant</strong></span> <span class='ocrx_word' id='word_1_33' title='bbox 831 974 963 1065; x_wconf 89' lang='lat' dir='ltr'><strong>quidem</strong></span> <span class='ocrx_word' id='word_1_34' title='bbox 975 974 1139 1060; x_wconf 74' lang='lat' dir='ltr'><strong>declaret,</strong></span> 
     </span>
     <span class='ocr_line' id='line_1_7' title="bbox 195 1092 1135 1184; baseline 0.014 -40"><span class='ocrx_word' id='word_1_35' title='bbox 195 1104 352 1172; x_wconf 81' lang='lat' dir='ltr'><strong>nusquam</strong></span> <span class='ocrx_word' id='word_1_36' title='bbox 383 1108 457 1152; x_wconf 85' lang='lat' dir='ltr'><strong>vero</strong></span> <span class='ocrx_word' id='word_1_37' title='bbox 486 1103 594 1177; x_wconf 82' lang='lat' dir='ltr'><strong>aperte</strong></span> <span class='ocrx_word' id='word_1_38' title='bbox 627 1113 713 1155; x_wconf 81' lang='lat' dir='ltr'><strong>susm</strong></span> <span class='ocrx_word' id='word_1_39' title='bbox 744 1092 933 1158; x_wconf 81' lang='lat' dir='ltr'><strong>sententiam</strong></span> <span class='ocrx_word' id='word_1_40' title='bbox 955 1094 1135 1184; x_wconf 80' lang='lat' dir='ltr'><strong>proponit3</strong></span> 
     </span>
     <span class='ocr_line' id='line_1_8' title="bbox 195 1198 1139 1298; baseline 0.014 -38"><span class='ocrx_word' id='word_1_41' title='bbox 195 1198 284 1262; x_wconf 91' lang='lat' dir='ltr'><strong>iniis</strong></span> <span class='ocrx_word' id='word_1_42' title='bbox 309 1222 382 1265; x_wconf 82' lang='lat' dir='ltr'><strong>vero</strong></span> <span class='ocrx_word' id='word_1_43' title='bbox 406 1224 487 1290; x_wconf 81' lang='lat' dir='ltr'><strong>quae</strong></span> <span class='ocrx_word' id='word_1_44' title='bbox 503 1205 572 1289; x_wconf 83' lang='lat' dir='ltr'><strong>jam</strong></span> <span class='ocrx_word' id='word_1_45' title='bbox 589 1225 751 1271; x_wconf 79' lang='lat' dir='ltr'>senescens</span> <span class='ocrx_word' id='word_1_46' title='bbox 772 1207 925 1298; x_wconf 82' lang='lat' dir='ltr'><strong>scripsit,</strong></span> <span class='ocrx_word' id='word_1_47' title='bbox 956 1222 990 1273; x_wconf 89' lang='lat' dir='ltr'><strong>et</strong></span> <span class='ocrx_word' id='word_1_48' title='bbox 1003 1209 1139 1275; x_wconf 77' lang='lat' dir='ltr'><strong>maxime</strong></span> 
     </span>
     <span class='ocr_line' id='line_1_9' title="bbox 195 1311 1137 1411; baseline 0.016 -34"><span class='ocrx_word' id='word_1_49' title='bbox 195 1311 326 1400; x_wconf 87' lang='lat' dir='ltr'><strong>quidem</strong></span> <span class='ocrx_word' id='word_1_50' title='bbox 361 1317 394 1380; x_wconf 93' lang='lat' dir='ltr'><strong>in</strong></span> <span class='ocrx_word' id='word_1_51' title='bbox 425 1315 512 1382; x_wconf 88' lang='lat' dir='ltr'><strong>libris</strong></span> <span class='ocrx_word' id='word_1_52' title='bbox 534 1341 615 1408; x_wconf 80' lang='lat' dir='ltr'><strong>quae</strong></span> <span class='ocrx_word' id='word_1_53' title='bbox 635 1336 806 1409; x_wconf 78' lang='lat' dir='ltr'><strong>supersunt</strong></span> <span class='ocrx_word' id='word_1_54' title='bbox 837 1320 879 1386; x_wconf 88' lang='lat' dir='ltr'><strong>de</strong></span> <span class='ocrx_word' id='word_1_55' title='bbox 902 1323 1040 1410; x_wconf 79' lang='lat' dir='ltr'>Legibus</span> <span class='ocrx_word' id='word_1_56' title='bbox 1065 1322 1079 1410; x_wconf 95' lang='lat'>(</span> <span class='ocrx_word' id='word_1_57' title='bbox 1102 1325 1137 1411; x_wconf 88' lang='lat'><strong>),</strong></span> 
     </span>
     <span class='ocr_line' id='line_1_10' title="bbox 193 1429 1135 1528; baseline 0.014 -36"><span class='ocrx_word' id='word_1_58' title='bbox 193 1429 313 1515; x_wconf 83' lang='lat' dir='ltr'><strong>singula</strong></span> <span class='ocrx_word' id='word_1_59' title='bbox 343 1430 454 1521; x_wconf 79' lang='lat' dir='ltr'><strong>placita</strong></span> <span class='ocrx_word' id='word_1_60' title='bbox 491 1456 681 1521; x_wconf 84' lang='lat' dir='ltr'><strong>componere</strong></span> <span class='ocrx_word' id='word_1_61' title='bbox 700 1451 733 1500; x_wconf 88' lang='lat' dir='ltr'><strong>et</strong></span> <span class='ocrx_word' id='word_1_62' title='bbox 755 1437 851 1522; x_wconf 78' lang='lat' dir='ltr'><strong>magis</strong></span> <span class='ocrx_word' id='word_1_63' title='bbox 872 1439 1038 1528; x_wconf 83' lang='lat' dir='ltr'><strong>propriam</strong></span> <span class='ocrx_word' id='word_1_64' title='bbox 1057 1462 1135 1507; x_wconf 87' lang='lat' dir='ltr'><strong>sen-</strong></span> 
     </span>
     <span class='ocr_line' id='line_1_11' title="bbox 195 1546 1136 1639; baseline 0.007 -28"><span class='ocrx_word' id='word_1_65' title='bbox 195 1547 325 1612; x_wconf 74' lang='lat' dir='ltr'><strong>tentiam</strong></span> <span class='ocrx_word' id='word_1_66' title='bbox 352 1546 482 1630; x_wconf 85' lang='lat' dir='ltr'><strong>afferre,</strong></span> <span class='ocrx_word' id='word_1_67' title='bbox 516 1549 674 1631; x_wconf 82' lang='lat' dir='ltr'><strong>instituit3</strong></span> <span class='ocrx_word' id='word_1_68' title='bbox 711 1552 753 1615; x_wconf 81' lang='lat' dir='ltr'><strong>ita</strong></span> <span class='ocrx_word' id='word_1_69' title='bbox 785 1567 822 1614; x_wconf 89' lang='lat' dir='ltr'><strong>ut</strong></span> <span class='ocrx_word' id='word_1_70' title='bbox 854 1575 972 1639; x_wconf 84' lang='lat' dir='ltr'><strong>quam,</strong></span> <span class='ocrx_word' id='word_1_71' title='bbox 1005 1555 1061 1618; x_wconf 91' lang='lat' dir='ltr'><strong>ubi</strong></span> <span class='ocrx_word' id='word_1_72' title='bbox 1094 1554 1136 1618; x_wconf 77' lang='lat' dir='ltr'><strong>de</strong></span> 
     </span>
     <span class='ocr_line' id='line_1_12' title="bbox 195 1657 1136 1745; baseline 0.009 -20"><span class='ocrx_word' id='word_1_73' title='bbox 195 1657 462 1727; x_wconf 83' lang='lat' dir='ltr'><strong>Aristotelio</strong></span> <span class='ocrx_word' id='word_1_74' title='bbox 493 1685 582 1726; x_wconf 88' lang='lat' dir='ltr'><strong>more</strong></span> <span class='ocrx_word' id='word_1_75' title='bbox 616 1662 714 1729; x_wconf 90' lang='lat' dir='ltr'><strong>locuti</strong></span> <span class='ocrx_word' id='word_1_76' title='bbox 738 1686 868 1745; x_wconf 89' lang='lat' dir='ltr'><strong>sumus,</strong></span> <span class='ocrx_word' id='word_1_77' title='bbox 904 1665 1136 1733; x_wconf 84' lang='lat' dir='ltr'><strong>observavimus</strong></span> 
     </span>
     <span class='ocr_line' id='line_1_13' title="bbox 193 1763 1133 1864; baseline 0.006 -25"><span class='ocrx_word' id='word_1_78' title='bbox 193 1775 375 1840; x_wconf 81' lang='lat' dir='ltr'><strong>continuam</strong></span> <span class='ocrx_word' id='word_1_79' title='bbox 398 1776 432 1838; x_wconf 95' lang='lat' dir='ltr'><strong>in</strong></span> <span class='ocrx_word' id='word_1_80' title='bbox 454 1777 522 1861; x_wconf 89' lang='lat' dir='ltr'><strong>ejus</strong></span> <span class='ocrx_word' id='word_1_81' title='bbox 542 1763 736 1860; x_wconf 79' lang='lat' dir='ltr'><strong>dialogorum</strong></span> <span class='ocrx_word' id='word_1_82' title='bbox 759 1773 859 1840; x_wconf 79' lang='lat' dir='ltr'><strong>forma</strong></span> <span class='ocrx_word' id='word_1_83' title='bbox 872 1779 1133 1864; x_wconf 76' lang='lat' dir='ltr'><strong>progressionem,</strong></span> 
     </span>
     <span class='ocr_line' id='line_1_14' title="bbox 192 1886 1135 1981; baseline 0.008 -27"><span class='ocrx_word' id='word_1_84' title='bbox 192 1886 325 1954; x_wconf 80' lang='lat' dir='ltr'><strong>eundem</strong></span> <span class='ocrx_word' id='word_1_85' title='bbox 356 1890 448 1954; x_wconf 85' lang='lat' dir='ltr'><strong>etiam</strong></span> <span class='ocrx_word' id='word_1_86' title='bbox 483 1913 572 1956; x_wconf 90' lang='lat' dir='ltr'><strong>nnnc</strong></span> <span class='ocrx_word' id='word_1_87' title='bbox 603 1890 637 1953; x_wconf 92' lang='lat' dir='ltr'><strong>in</strong></span> <span class='ocrx_word' id='word_1_88' title='bbox 657 1891 725 1976; x_wconf 91' lang='lat' dir='ltr'><strong>ejus</strong></span> <span class='ocrx_word' id='word_1_89' title='bbox 746 1888 993 1981; x_wconf 82' lang='lat' dir='ltr'><strong>philosophandi</strong></span> <span class='ocrx_word' id='word_1_90' title='bbox 1013 1895 1135 1962; x_wconf 81' lang='lat' dir='ltr'><strong>ratione</strong></span> 
     </span>
    </p>
   </div>
   <div class='ocr_carea' id='block_1_3' title="bbox 190 2002 1132 2331">
    <p class='ocr_par' dir='ltr' id='par_1_3' title="bbox 190 2002 1132 2331">
     <span class='ocr_line' id='line_1_15' title="bbox 192 2002 1132 2094; baseline 0.012 -26"><span class='ocrx_word' id='word_1_91' title='bbox 192 2002 490 2094; x_wconf 78' lang='lat' dir='ltr'><strong>deprehendamus3</strong></span> <span class='ocrx_word' id='word_1_92' title='bbox 514 2031 530 2070; x_wconf 81' lang='lat' dir='ltr'><strong>u</strong></span> <span class='ocrx_word' id='word_1_93' title='bbox 557 2031 620 2094; x_wconf 84' lang='lat' dir='ltr'><strong>qua</strong></span> <span class='ocrx_word' id='word_1_94' title='bbox 644 2006 764 2072; x_wconf 82' lang='lat' dir='ltr'><strong>ratione</strong></span> <span class='ocrx_word' id='word_1_95' title='bbox 785 2029 846 2073; x_wconf 86' lang='lat' dir='ltr'><strong>nee</strong></span> <span class='ocrx_word' id='word_1_96' title='bbox 862 2005 1132 2078; x_wconf 82' lang='lat' dir='ltr'><strong>Aristoteles</strong></span> 
     </span>
     <span class='ocr_line' id='line_1_16' title="bbox 191 2120 1130 2213; baseline 0.009 -28"><span class='ocrx_word' id='word_1_97' title='bbox 191 2120 307 2188; x_wconf 81' lang='lat' dir='ltr'><strong>alienus</strong></span> <span class='ocrx_word' id='word_1_98' title='bbox 337 2121 418 2204; x_wconf 88' lang='lat' dir='ltr'><strong>suit,</strong></span> <span class='ocrx_word' id='word_1_99' title='bbox 444 2122 554 2212; x_wconf 90' lang='lat' dir='ltr'><strong>quiin</strong></span> <span class='ocrx_word' id='word_1_100' title='bbox 574 2121 719 2213; x_wconf 91' lang='lat' dir='ltr'><strong>pluribus</strong></span> <span class='ocrx_word' id='word_1_101' title='bbox 742 2122 867 2211; x_wconf 89' lang='lat' dir='ltr'><strong>scriptis</strong></span> <span class='ocrx_word' id='word_1_102' title='bbox 886 2123 1031 2213; x_wconf 88' lang='lat' dir='ltr'><strong>primum</strong></span> <span class='ocrx_word' id='word_1_103' title='bbox 1049 2126 1130 2194; x_wconf 84' lang='lat' dir='ltr'><strong>aiio·</strong></span> 
     </span>
     <span class='ocr_line' id='line_1_17' title="bbox 190 2233 1131 2331; baseline 0.004 -27"><span class='ocrx_word' id='word_1_104' title='bbox 190 2263 262 2306; x_wconf 85' lang='lat' dir='ltr'><strong>rum</strong></span> <span class='ocrx_word' id='word_1_105' title='bbox 295 2238 407 2324; x_wconf 82' lang='lat' dir='ltr'><strong>placita</strong></span> <span class='ocrx_word' id='word_1_106' title='bbox 441 2239 628 2330; x_wconf 82' lang='lat' dir='ltr'><strong>proposuit,</strong></span> <span class='ocrx_word' id='word_1_107' title='bbox 662 2253 693 2302; x_wconf 92' lang='lat' dir='ltr'><strong>et</strong></span> <span class='ocrx_word' id='word_1_108' title='bbox 730 2261 768 2303; x_wconf 89' lang='lat' dir='ltr'><strong>ex</strong></span> <span class='ocrx_word' id='word_1_109' title='bbox 797 2237 847 2303; x_wconf 89' lang='lat' dir='ltr'><strong>his</strong></span> <span class='ocrx_word' id='word_1_110' title='bbox 870 2235 1024 2323; x_wconf 86' lang='lat' dir='ltr'><strong>demum,</strong></span> <span class='ocrx_word' id='word_1_111' title='bbox 1049 2233 1131 2331; x_wconf 77' lang='lat' dir='ltr'><strong>quoe</strong></span> 
     </span>
    </p>
   </div>
   <div class='ocr_carea' id='block_1_4' title="bbox 183 2350 1131 3253">
    <p class='ocr_par' dir='ltr' id='par_1_4' title="bbox 183 2350 1131 3253">
     <span class='ocr_line' id='line_1_18' title="bbox 189 2350 1131 2435; baseline 0.005 -16"><span class='ocrx_word' id='word_1_112' title='bbox 189 2355 250 2420; x_wconf 90' lang='lat' dir='ltr'><strong>sibi</strong></span> <span class='ocrx_word' id='word_1_113' title='bbox 276 2352 482 2435; x_wconf 85' lang='lat' dir='ltr'><strong>viderentur,</strong></span> <span class='ocrx_word' id='word_1_114' title='bbox 506 2350 725 2420; x_wconf 82' lang='lat' dir='ltr'><strong>concludenda</strong></span> <span class='ocrx_word' id='word_1_115' title='bbox 746 2376 811 2418; x_wconf 86' lang='lat' dir='ltr'><strong>esse</strong></span> <span class='ocrx_word' id='word_1_116' title='bbox 830 2351 932 2420; x_wconf 86' lang='lat' dir='ltr'><strong>duxit.</strong></span> <span class='ocrx_word' id='word_1_117' title='bbox 977 2355 1017 2420; x_wconf 89' lang='lat' dir='ltr'><strong>In</strong></span> <span class='ocrx_word' id='word_1_118' title='bbox 1040 2355 1131 2424; x_wconf 89' lang='lat' dir='ltr'><strong>hunc</strong></span> 
     </span>
     <span class='ocr_line' id='line_1_19' title="bbox 188 2465 1129 2558; baseline 0 -21"><span class='ocrx_word' id='word_1_119' title='bbox 188 2467 321 2537; x_wconf 86' lang='lat' dir='ltr'><strong>modum</strong></span> <span class='ocrx_word' id='word_1_120' title='bbox 353 2469 461 2558; x_wconf 88' lang='lat' dir='ltr'><strong>scripti</strong></span> <span class='ocrx_word' id='word_1_121' title='bbox 483 2485 559 2535; x_wconf 87' lang='lat' dir='ltr'><strong>sunt</strong></span> <span class='ocrx_word' id='word_1_122' title='bbox 582 2468 655 2534; x_wconf 84' lang='lat' dir='ltr'><strong>libri</strong></span> <span class='ocrx_word' id='word_1_123' title='bbox 676 2465 718 2533; x_wconf 86' lang='lat' dir='ltr'><strong>de</strong></span> <span class='ocrx_word' id='word_1_124' title='bbox 741 2467 930 2552; x_wconf 83' lang='lat' dir='ltr'><strong>Senectute,</strong></span> <span class='ocrx_word' id='word_1_125' title='bbox 966 2466 1007 2534; x_wconf 86' lang='lat' dir='ltr'><strong>de</strong></span> <span class='ocrx_word' id='word_1_126' title='bbox 1032 2470 1129 2537; x_wconf 85' lang='lat' dir='ltr'><strong>Anti-</strong></span> 
     </span>
     <span class='ocr_line' id='line_1_20' title="bbox 190 2582 1127 2674; baseline 0.002 -24"><span class='ocrx_word' id='word_1_127' title='bbox 190 2586 281 2660; x_wconf 82' lang='lat' dir='ltr'><strong>citia,</strong></span> <span class='ocrx_word' id='word_1_128' title='bbox 303 2582 344 2650; x_wconf 87' lang='lat' dir='ltr'><strong>de</strong></span> <span class='ocrx_word' id='word_1_129' title='bbox 363 2584 495 2650; x_wconf 88' lang='lat' dir='ltr'><strong>Officiis.</strong></span> <span class='ocrx_word' id='word_1_130' title='bbox 519 2584 622 2650; x_wconf 91' lang='lat' dir='ltr'><strong>Suum</strong></span> <span class='ocrx_word' id='word_1_131' title='bbox 642 2605 718 2649; x_wconf 85' lang='lat' dir='ltr'><strong>vero</strong></span> <span class='ocrx_word' id='word_1_132' title='bbox 740 2585 893 2650; x_wconf 83' lang='lat' dir='ltr'><strong>contraria</strong></span> <span class='ocrx_word' id='word_1_133' title='bbox 917 2582 1031 2674; x_wconf 81' lang='lat' dir='ltr'><strong>placita</strong></span> <span class='ocrx_word' id='word_1_134' title='bbox 1045 2606 1127 2652; x_wconf 89' lang='lat' dir='ltr'><strong>oon-</strong></span> 
     </span>
     <span class='ocr_line' id='line_1_21' title="bbox 188 2697 1130 2789; baseline -0.001 -23"><span class='ocrx_word' id='word_1_135' title='bbox 188 2697 314 2766; x_wconf 82' lang='lat' dir='ltr'><strong>ciliandi</strong></span> <span class='ocrx_word' id='word_1_136' title='bbox 334 2699 531 2789; x_wconf 87' lang='lat' dir='ltr'><strong>propositum</strong></span> <span class='ocrx_word' id='word_1_137' title='bbox 553 2698 715 2764; x_wconf 84' lang='lat' dir='ltr'><strong>Cicero</strong></span> <span class='ocrx_word' id='word_1_138' title='bbox 734 2697 816 2765; x_wconf 85' lang='lat' dir='ltr'><strong>libro</strong></span> <span class='ocrx_word' id='word_1_139' title='bbox 826 2699 930 2789; x_wconf 90' lang='lat' dir='ltr'><strong>primo</strong></span> <span class='ocrx_word' id='word_1_140' title='bbox 941 2697 982 2764; x_wconf 90' lang='lat' dir='ltr'><strong>de</strong></span> <span class='ocrx_word' id='word_1_141' title='bbox 992 2699 1130 2786; x_wconf 82' lang='lat' dir='ltr'><strong>Legibus</strong></span> 
     </span>
     <span class='ocr_line' id='line_1_22' title="bbox 187 2812 1127 2904; baseline 0 -22"><span class='ocrx_word' id='word_1_142' title='bbox 187 2816 321 2882; x_wconf 85' lang='lat' dir='ltr'><strong>maxime</strong></span> <span class='ocrx_word' id='word_1_143' title='bbox 353 2812 499 2882; x_wconf 85' lang='lat' dir='ltr'><strong>declaret.</strong></span> <span class='ocrx_word' id='word_1_144' title='bbox 556 2815 631 2880; x_wconf 86' lang='lat' dir='ltr'><strong>Post</strong></span> <span class='ocrx_word' id='word_1_145' title='bbox 661 2814 849 2902; x_wconf 81' lang='lat' dir='ltr'><strong>exquisitam</strong></span> <span class='ocrx_word' id='word_1_146' title='bbox 884 2815 972 2884; x_wconf 88' lang='lat' dir='ltr'><strong>enim</strong></span> <span class='ocrx_word' id='word_1_147' title='bbox 992 2812 1127 2904; x_wconf 83' lang='lat' dir='ltr'><strong>dejure</strong></span> 
     </span>
     <span class='ocr_line' id='line_1_23' title="bbox 184 2928 1125 3024; baseline 0 -24"><span class='ocrx_word' id='word_1_148' title='bbox 184 2950 217 3000; x_wconf 87' lang='lat' dir='ltr'><strong>et</strong></span> <span class='ocrx_word' id='word_1_149' title='bbox 238 2933 371 3001; x_wconf 89' lang='lat' dir='ltr'><strong>honesto</strong></span> <span class='ocrx_word' id='word_1_150' title='bbox 393 2930 659 3024; x_wconf 73' lang='lat' dir='ltr'><strong>disputationem</strong></span> <span class='ocrx_word' id='word_1_151' title='bbox 690 2928 902 3015; x_wconf 66' lang='lat' dir='ltr'><strong>videtisne&#39;,</strong></span> <span class='ocrx_word' id='word_1_152' title='bbox 923 2931 1032 3022; x_wconf 89' lang='lat' dir='ltr'><strong>inquit</strong></span> <span class='ocrx_word' id='word_1_153' title='bbox 1053 2931 1125 3020; x_wconf 85' lang='lat'><strong>(2),</strong></span> 
     </span>
     <span class='ocr_line' id='line_1_24' title="bbox 184 3032 1126 3144; baseline -0.005 -25"><span class='ocrx_word' id='word_1_154' title='bbox 184 3032 326 3144; x_wconf 75' lang='lat' dir='ltr'><strong>„quante</strong></span> <span class='ocrx_word' id='word_1_155' title='bbox 360 3053 451 3118; x_wconf 85' lang='lat' dir='ltr'><strong>series</strong></span> <span class='ocrx_word' id='word_1_156' title='bbox 484 3074 593 3118; x_wconf 86' lang='lat' dir='ltr'><strong>rerum</strong></span> <span class='ocrx_word' id='word_1_157' title='bbox 622 3051 916 3140; x_wconf 78' lang='lat' dir='ltr'><strong>sententiarumque</strong></span> <span class='ocrx_word' id='word_1_158' title='bbox 936 3051 995 3117; x_wconf 72' lang='lat' dir='ltr'><strong>site</strong></span> <span class='ocrx_word' id='word_1_159' title='bbox 1028 3063 1126 3140; x_wconf 83' lang='lat' dir='ltr'><strong>etque</strong></span> 
     </span>
     <span class='ocr_line' id='line_1_25' title="bbox 183 3162 1125 3253; baseline -0.004 -21"><span class='ocrx_word' id='word_1_160' title='bbox 183 3183 218 3232; x_wconf 90' lang='lat' dir='ltr'><strong>ut</strong></span> <span class='ocrx_word' id='word_1_161' title='bbox 250 3190 289 3233; x_wconf 82' lang='lat' dir='ltr'><strong>ex</strong></span> <span class='ocrx_word' id='word_1_162' title='bbox 322 3167 380 3235; x_wconf 82' lang='lat' dir='ltr'><strong>alio</strong></span> <span class='ocrx_word' id='word_1_163' title='bbox 401 3167 459 3233; x_wconf 83' lang='lat' dir='ltr'><strong>alia</strong></span> <span class='ocrx_word' id='word_1_164' title='bbox 478 3166 671 3233; x_wconf 81' lang='lat' dir='ltr'><strong>nectantur?</strong></span> <span class='ocrx_word' id='word_1_165' title='bbox 717 3165 809 3253; x_wconf 88' lang='lat' dir='ltr'><strong>Quin</strong></span> <span class='ocrx_word' id='word_1_166' title='bbox 826 3162 955 3230; x_wconf 85' lang='lat' dir='ltr'><strong>lebebnr</strong></span> <span class='ocrx_word' id='word_1_167' title='bbox 981 3162 1125 3250; x_wconf 83' lang='lat' dir='ltr'><strong>longius,</strong></span> 
     </span>
    </p>
   </div>
   <div class='ocr_carea' id='block_1_5' title="bbox 179 3375 402 3391">
    <p class='ocr_par' dir='ltr' id='par_1_5' title="bbox 179 3375 402 3391">
     <span class='ocr_line' id='line_1_26' title="bbox 179 3375 402 3391; baseline 0.018 -5"><span class='ocrx_word' id='word_1_168' title='bbox 179 3375 402 3391; x_wconf 52' lang='lat' dir='ltr'><strong>m</strong></span> 
     </span>
    </p>
   </div>
   <div class='ocr_carea' id='block_1_6' title="bbox 174 3478 1136 4092">
    <p class='ocr_par' dir='ltr' id='par_1_6' title="bbox 174 3478 1136 3992">
     <span class='ocr_line' id='line_1_27' title="bbox 219 3478 1120 3564; baseline 0.001 -27"><span class='ocrx_word' id='word_1_169' title='bbox 219 3478 260 3554; x_wconf 81' lang='lat' dir='ltr'><strong>(i)</strong></span> <span class='ocrx_word' id='word_1_170' title='bbox 282 3479 324 3538; x_wconf 86' lang='lat' dir='ltr'><strong>De</strong></span> <span class='ocrx_word' id='word_1_171' title='bbox 350 3491 496 3558; x_wconf 84' lang='lat' dir='ltr'><strong>tempore,</strong></span> <span class='ocrx_word' id='word_1_172' title='bbox 527 3499 582 3558; x_wconf 90' lang='lat' dir='ltr'><strong>quo</strong></span> <span class='ocrx_word' id='word_1_173' title='bbox 606 3480 634 3539; x_wconf 84' lang='lat' dir='ltr'><strong>hi</strong></span> <span class='ocrx_word' id='word_1_174' title='bbox 655 3480 718 3540; x_wconf 84' lang='lat' dir='ltr'><strong>libri</strong></span> <span class='ocrx_word' id='word_1_175' title='bbox 746 3479 847 3554; x_wconf 83' lang='lat' dir='ltr'><strong>suerint</strong></span> <span class='ocrx_word' id='word_1_176' title='bbox 868 3479 975 3564; x_wconf 84' lang='lat' dir='ltr'><strong>scripti,</strong></span> <span class='ocrx_word' id='word_1_177' title='bbox 1000 3479 1051 3538; x_wconf 89' lang='lat' dir='ltr'><strong>riri</strong></span> <span class='ocrx_word' id='word_1_178' title='bbox 1065 3480 1120 3538; x_wconf 90' lang='lat' dir='ltr'><strong>do-</strong></span> 
     </span>
     <span class='ocr_line' id='line_1_28' title="bbox 176 3586 1120 3653; baseline -0.001 -5"><span class='ocrx_word' id='word_1_179' title='bbox 176 3588 213 3648; x_wconf 85' lang='lat' dir='ltr'><strong>cti</strong></span> <span class='ocrx_word' id='word_1_180' title='bbox 241 3586 360 3648; x_wconf 78' lang='lat' dir='ltr'><strong>mmine</strong></span> <span class='ocrx_word' id='word_1_181' title='bbox 384 3588 555 3649; x_wconf 87' lang='lat' dir='ltr'><strong>dissentiunt.</strong></span> <span class='ocrx_word' id='word_1_182' title='bbox 591 3589 655 3649; x_wconf 82' lang='lat' dir='ltr'><strong>vid.</strong></span> <span class='ocrx_word' id='word_1_183' title='bbox 685 3589 877 3653; x_wconf 86' lang='lat' dir='ltr'><strong>Moserus,</strong></span> <span class='ocrx_word' id='word_1_184' title='bbox 900 3586 929 3645; x_wconf 91' lang='lat' dir='ltr'><strong>in</strong></span> <span class='ocrx_word' id='word_1_185' title='bbox 952 3586 1057 3646; x_wconf 88' lang='lat' dir='ltr'><strong>lntrod.</strong></span> <span class='ocrx_word' id='word_1_186' title='bbox 1084 3589 1120 3647; x_wconf 82' lang='lat' dir='ltr'><strong>ad</strong></span> 
     </span>
     <span class='ocr_line' id='line_1_29' title="bbox 174 3695 1118 3777; baseline 0.001 -22"><span class='ocrx_word' id='word_1_187' title='bbox 174 3698 260 3759; x_wconf 84' lang='lat' dir='ltr'><strong>libros</strong></span> <span class='ocrx_word' id='word_1_188' title='bbox 287 3698 323 3757; x_wconf 91' lang='lat' dir='ltr'><strong>de</strong></span> <span class='ocrx_word' id='word_1_189' title='bbox 346 3697 486 3777; x_wconf 69' lang='lat' dir='ltr'><strong>Legibus,</strong></span> <span class='ocrx_word' id='word_1_190' title='bbox 519 3718 547 3777; x_wconf 89' lang='lat' dir='ltr'><strong>p.</strong></span> <span class='ocrx_word' id='word_1_191' title='bbox 572 3698 648 3758; x_wconf 86' lang='lat' dir='ltr'><strong>XXV</strong></span> <span class='ocrx_word' id='word_1_192' title='bbox 678 3717 739 3777; x_wconf 89' lang='lat' dir='ltr'><strong>sqq.</strong></span> <span class='ocrx_word' id='word_1_193' title='bbox 783 3695 822 3774; x_wconf 68' lang='lat'><strong>(2)</strong></span> <span class='ocrx_word' id='word_1_194' title='bbox 845 3713 873 3755; x_wconf 89' lang='lat' dir='ltr'><strong>c.</strong></span> <span class='ocrx_word' id='word_1_195' title='bbox 898 3695 1028 3756; x_wconf 74' lang='lat' dir='ltr'><strong>te-tt</strong></span> <span class='ocrx_word' id='word_1_196' title='bbox 1063 3695 1118 3756; x_wconf 86' lang='lat' dir='ltr'><strong>Cis.</strong></span> 
     </span>
     <span class='ocr_line' id='line_1_30' title="bbox 176 3800 1136 3883; baseline 0.001 -18"><span class='ocrx_word' id='word_1_197' title='bbox 176 3825 204 3866; x_wconf 85' lang='lat' dir='ltr'><strong>e.</strong></span> <span class='ocrx_word' id='word_1_198' title='bbox 243 3807 296 3883; x_wconf 74' lang='lat' dir='ltr'><strong>to,</strong></span> <span class='ocrx_word' id='word_1_199' title='bbox 328 3805 364 3866; x_wconf 83' lang='lat' dir='ltr'><strong>de</strong></span> <span class='ocrx_word' id='word_1_200' title='bbox 390 3804 453 3866; x_wconf 76' lang='lat' dir='ltr'><strong>rin.</strong></span> <span class='ocrx_word' id='word_1_201' title='bbox 491 3807 538 3873; x_wconf 88' lang='grc'>111,</span> <span class='ocrx_word' id='word_1_202' title='bbox 572 3805 619 3883; x_wconf 71' lang='lat'><strong>12,</strong></span> <span class='ocrx_word' id='word_1_203' title='bbox 651 3807 698 3872; x_wconf 67' lang='lat' dir='ltr'><strong>tir,</strong></span> <span class='ocrx_word' id='word_1_204' title='bbox 733 3805 781 3880; x_wconf 86' lang='lat' dir='ltr'><strong>tv,</strong></span> <span class='ocrx_word' id='word_1_205' title='bbox 802 3805 833 3880; x_wconf 81' lang='lat'><strong>9,</strong></span> <span class='ocrx_word' id='word_1_206' title='bbox 860 3800 911 3872; x_wconf 70' lang='lat' dir='ltr'><strong>et,</strong></span> <span class='ocrx_word' id='word_1_207' title='bbox 936 3803 989 3881; x_wconf 71' lang='lat'><strong>26,</strong></span> <span class='ocrx_word' id='word_1_208' title='bbox 1014 3804 1064 3874; x_wconf 71' lang='lat'><strong>28,</strong></span> <span class='ocrx_word' id='word_1_209' title='bbox 1084 3805 1136 3866; x_wconf 68' lang='lat' dir='ltr'><strong>de⁴</strong></span> 
     </span>
     <span class='ocr_line' id='line_1_31' title="bbox 174 3911 507 3992; baseline 0 -18"><span class='ocrx_word' id='word_1_210' title='bbox 174 3913 211 3974; x_wconf 86' lang='lat' dir='ltr'><strong>N.</strong></span> <span class='ocrx_word' id='word_1_211' title='bbox 236 3911 271 3973; x_wconf 86' lang='lat' dir='ltr'><strong>D.</strong></span> <span class='ocrx_word' id='word_1_212' title='bbox 298 3915 321 3992; x_wconf 86' lang='lat' dir='ltr'><strong>t,</strong></span> <span class='ocrx_word' id='word_1_213' title='bbox 345 3917 373 3975; x_wconf 84' lang='lat' dir='ltr'><strong>tt.</strong></span> <span class='ocrx_word' id='word_1_214' title='bbox 505 3922 507 3927; x_wconf 60' lang='lat'><strong>⁴</strong></span> 
     </span>
    </p>

    <p class='ocr_par' dir='ltr' id='par_1_7' title="bbox 967 4028 1004 4092">
     <span class='ocr_line' id='line_1_32' title="bbox 967 4028 1004 4092; baseline 0.027 -1"><span class='ocrx_word' id='word_1_215' title='bbox 967 4028 1004 4092; x_wconf 87' lang='lat' dir='ltr'><strong>lt</strong></span> 
     </span>
    </p>
   </div>
   <div class='ocr_carea' id='block_1_7' title="bbox 0 0 1306 4620">
    <p class='ocr_par' dir='ltr' id='par_1_8' title="bbox 0 0 1306 4620">
     <span class='ocr_line' id='line_1_33' title="bbox 0 0 1306 4620; baseline 0 6"><span class='ocrx_word' id='word_1_216' title='bbox 0 0 1306 4620; x_wconf 95' lang='lat' dir='ltr'><strong> </strong></span> 
     </span>
    </p>
   </div>
  </div>
 </body>
</html>
