2602 4620
652 266 696 331 81-

189 482 242 523 των
268 454 302 523 δὲ
328 466 363 545 τῇ
388 456 503 542 ἐξουσίᾳ
530 458 686 547 τοῦλόγου
712 460 782 546 ὁμοῦ
808 459 859 546 μὲν
900 464 957 537 τοῖς
995 459 1124 550 ιλόγμοισι

188 588 328 670 μάχεται·
357 583 437 670 ὁμοῦ
450 580 486 648 δὲ
516 583 565 649 καί
592 580 813 672 παρακωμῳόεῖ
834 588 872 649 τὰ
899 590 1050 675 πρόσωπα.
1083 626 1125 640 -

184 699 287 805 Ὀπον
308 705 356 773 δὲ’
370 709 478 798 ἀόριςα
497 712 638 800 πρόσωπα
657 709 802 799 ἐπεισάγει
818 713 875 785 τοῖς
889 707 1051 799 διαλόγοις,
1077 723 1127 786 τῆς

187 833 242 920 μὲν
264 832 416 923 εὺὶιρινείας
441 838 530 900 ἕνεκεν
555 839 613 899 τῶν
654 838 837 924 πραγμάτων
883 837 1024 924 κέχρηται
1068 838 1126 911 ’τοῖς

188 954 499 1047 προσόὶαλιγομένοις,
530 956 612 1024 οὐδὲν
637 955 673 1023 δὲ
698 960 791 1051 ἕτερον
815 959 849 1024 ἔνι
875 964 933 1025 τῶν
963 961 1127 1050 προσώπων

187 1083 370 1149 ἐπεισκυκλιῖ
381 1085 438 1157 τοῖς
451 1082 629 1171 ὑποθέσεσιν,
656 1088 726 1174 ὅπερ
739 1083 868 1160 ἐποίησεν
885 1083 916 1150 ἐν
930 1086 987 1158 τοῖς
1002 1085 1132 1172 Νόμοις..

187 1201 237 1268 Ex'
262 1221 329 1290 quo
345 1200 495 1284 louohoc
515 1184 594 1266 mihi
618 1199 837 1285 videoreffici,
861 1202 1014 1268 rationem
1026 1225 1125 1294 quam

187 1325 216 1392 ἐν’
232 1328 288 1400 τοῖς
303 1325 413 1415 Νόμοις
437 1345 563 1396 secutus
581 1345 627 1395 est
649 1329 716 1396 Pla
728 1310 795 1413 ιο,
811 1331 955 1421 proxime
971 1328 1011 1396 ad
1024 1329 1122 1399 Ari-

186 1442 354 1522 stotelis
395 1446 547 1512 rationem
582 1453 762 1526 accessisse3
801 1443 889 1537 quod
920 1462 955 1512 ut
991 1469 1124 1515 accura-

186 1559 244 1623 tius
280 1560 473 1648 exquiram,
511 1558 576 1625 duo
610 1584 649 1626 ex
680 1559 941 1628 Aristotelis
978 1540 1124 1646 dialugis,

186 1697 268 1760 quae
299 1676 483 1747 etiamnunc
515 1693 686 1766 supersunt
725 1674 927 1762 fragmenta,
964 1698 1127 1764 apponere

184 1787 264 1855 mihi
308 1789 434 1872 liceat,
483 1811 621 1877 quorum
663 1776 795 1859 ulturum
835 1786 923 1880 apud
955 1791 1125 1857 Plutar-

186 1904 306 1971 chum
331 1904 396 1994 (1),
419 1930 457 1970 ex
482 1896 667 1975 Eudemo
688 1908 751 1972 sive
771 1903 893 1992 dialogo
917 1902 957 1971 de
992 1907 1120 1975 animo:

183 2035 317 2122 Διόπερ,
360 2025 385 2096 ὦ
415 2035 535 2145 κροίτιςε
580 2038 696 2097 πάντων
739 2028 789 2097 καί
805 2035 1046 2122 μακαριςότατε,
1073 2037 1123 2100 καί

183 2157 251 2246 πρός
282 2162 323 2244 τῷ
369 2159 524 2248 μακαρίους
569 2156 617 2224 κοί
648 2153 821 2245 εὐδαίμονας
852 2133 923 2222 εἶναι
951 2157 1013 2231 τοὺς
1038 2182 1122 2223 τετε-

182 2281 348 2356 λευτηκότας
380 2283 531 2371 νομίζειν,
575 2281 623 2345 καί
650 2281 681 2347 τὸ
707 2282 860 2368 ψεύσοιὲναί
883 2307 909 2348 τι
937 2258 999 2347 καί
1027 2284 1122 2348 αὐτῶν

183 2407 231 2471 καί
273 2407 304 2474 τό
344 2405 526 2498 βλασφημεῖν
556 2407 612 2492 οὐχ
640 2411 741 2492 ὅσιον,
769 2407 806 2480 ὡς
836 2409 913 2471 κατὰ
939 2386 1120 2492 βελτιόνων,

183 2531 343 2619 ἡγούμεθα,
370 2532 418 2595 καὶ
446 2533 611 2620 κρειττόνων
643 2526 700 2603 ἢδη
716 2531 879 2618 γεγονότων·
899 2529 947 2593 καί
969 2523 1047 2595 ταῦθ’
1065 2535 1140 2595 οὕ-·

182 2682 235 2730 τως
260 2659 377 2746 ἀρχαῖοι
404 2655 453 2719 καί
481 2653 594 2719 παλοιιόι
609 2648 740 2719 διατελεῖ
750 2656 937 2743 νενομισμένα
952 2633 1022 2745 παρ’Ι
1036 2640 1117 2744 ἡμῖν,

180 2789 241 2857 ὥςε
267 2783 316 2847 ’τό
358 2787 499 2873 παράπαν
532 2775 624 2854 οὐδεὶς
657 2774 735 2845 οίόεν
767 2783 829 2847 οὔτε
858 2786 906 2846 τοῦ
932 2782 1035 2872 χρόνον
1065 2784 1117 2853 τὴν

179 2910 293 2998 ἀρχὴν,
336 2912 398 2974 οὔτε
441 2907 487 2991 τὸν
533 2907 615 2973 θέντα
629 2934 632 2941 ·
645 2913 783 2998 πρῶτον,
813 2907 893 2973 ἀλλὰ
919 2907 966 2973 τόν
997 2914 1117 2999 ἄπειρον

178 3032 269 3122 αἰῶνα
308 3037 485 3121 τνγχοίνονσι
513 3029 574 3115 διὰ,
593 3030 687 3106 τέλους
714 3035 786 3098 οὕτω
815 3035 1011 3121 νενομισμένα·
1046 3016 1117 3125 πρός

177 3153 211 3221 δὲ
237 3154 276 3226 δὴ
303 3157 407 3231 τούτοις
432 3133 487 3221 ιλιόι
514 3160 639 3245 ςόμοιτος
664 3157 693 3222 ἒν
718 3159 775 3232 τοῖς
816 3154 976 3249 ἀνθρώποις
1019 3159 1114 3250 ὁρᾷς,

175 3286 214 3356 ὡς
254 3285 301 3347 εἰιι
325 3283 439 3348 πολλῶν
465 3286 535 3350 ἑτῶν
550 3273 577 3371 ,’
597 3287 629 3352 ἐκ
655 3287 779 3353 παλαιοῦ
805 3291 909 3379 χρόνον
936 3291 1115 3380 περιφέρεται

174 3405 389 3499 θρνλλούμενον.
421 3410 463 3474 Τί
485 3404 583 3495 τοῦτ’,
611 3416 673 3501 &uua
702 3413 846 3497 Κᾲκεῖνοο
868 3409 1035 3498 ὑπολαβὼν.
1063 3405 1116 3486 Ὠς

168 3674 372 3689 ..Μ

975 3839 1049 3901 765.
1093 3848 1096 3855 '

213 3833 252 3910 (Ἰ)
274 3840 359 3902 Cous·
399 3837 435 3898 ad
473 3834 593 3936 Apoll.
619 3854 644 3895 c.
676 3836 727 3904 27,
752 3831 815 3897 vol.
847 3833 882 3914 ll,
908 3857 937 3918 p.

509 3973 513 3979 ·
913 3974 916 3979 ·
953 3951 974 4016 6
