2602 4620
689 287 732 352 36

253 469 386 534 nomiae·
400 487 465 536 tam
482 461 666 553 Platonem,
690 464 786 558 quarn
814 462 1041 559 Peripateticos
1059 463 1201 554 veteres,

252 603 292 647 cx
310 606 364 649 sm
386 589 538 653 sententia
559 611 606 653 re
618 562 847 672 conmeantes,
871 585 976 651 verbis
991 579 1193 652 dissentien-

253 711 320 775 tes,
354 700 523 789 intelligere
543 702 681 782 solebat,
713 724 765 767 eos
790 701 962 792 praecipue
982 701 1196 793 philosophos

252 812 311 879 sibi
341 818 498 902 magistros
523 816 594 885 *esse
628 814 748 899 voluit,
784 818 855 906 qui'
876 814 917 882 ad
946 816 1043 904 hujus
1078 809 1196 884 veteris

251 928 436 997 Academiae
463 925 614 1002 rationem
633 935 776 1025 proxime
794 931 1004 1017 accederent3
1030 932 1110 1001 hinc
1134 957 1192 999 re-

253 1043 428 1132 petendum
452 1042 542 1136 'qaod
572 1048 805 1116 Philonem
843 1047 914 1136 (l),
935 1048 1012 1136 qui,
1046 1043 1191 1116 eruore

253 1157 424 1228 Academia
445 1157 626 1250 proiectus,
650 1187 716 1229 eam
741 1163 782 1228 ad
808 1164 919 1229 veteris
949 1162 1188 1252 simplicitatem

252 1273 404 1342 reducere
432 1273 575 1362 studuit,
598 1279 834 1346 Panaetium
868 1278 942 1368 (2),
966 1279 1034 1366 'qui
1057 1279 1189 1346 Stoico·
1212 1288 1214 1293 ’

251 1417 325 1461 rum
378 1395 533 1460 tristitiam
565 1410 599 1460 et
639 1397 834 1486 asperitatem
873 1395 1018 1482 fugiens,
1062 1418 1191 1486 semper

251 1517 286 1580 in
325 1537 378 1579 ore
417 1512 532 1578 'habuit
584 1506 825 1595 Platonem,
873 1511 1188 1594 Aristotelem,
1264 1602 1270 1614 Α

251 1630 547 1712 Xenocratem,
572 1623 957 1718 Theophrastum,
982 1630 1189 1696 Dicaear-

254 1748 337 1815 ehu
349 1772 399 1828 m,
423 1761 458 1812 ut
477 1747 573 1838 ipsius
593 1745 709 1837 scripta
721 1744 904 1831 declarant,
927 1748 1061 1835 ejusque
1085 1744 1189 1811 disci-

249 1863 362 1956 pulum
398 1862 685 1929 Posidonium
719 1859 768 1949 (3)
793 1863 948 1950 imprimis
971 1877 1097 1928 secutus
1126 1857 1187 1947 sit'3

248 1976 464 2045 Antiochi
486 1977 613 2066 quidem
633 1978 780 2043 orationis
801 1977 923 2044 flumen
947 1993 979 2043 et
1002 1977 1191 2044 suavitatem

248 2089 418 2165 admiratus
441 2093 503 2169 sit,
526 2094 592 2177 ejus
615 2114 723 2159 veroa
746 2092 1019 2162 Clitomachi
1040 2090 1187 2159 etl’hi-

249 2212 367 2277 lonis
405 2206 526 2297 placitis
568 2206 613 2274 ad
658 2209 837 2276 Stoicorum
882 2227 1051 2303 praecepta
1087 2211 1189 2292 ‘nimis

247 2324 505 2420 propendentem
531 2321 714 2391 ‘doctrinam
738 2327 841 2391 minus
865 2328 1049 2416 probaverit
1075 2325 1136 2415 (l).

293 2443 347 2512 Ad
383 2439 653 2511 Aristotelis
687 2457 719 2506 et
743 2442 885 2508 universe
905 2439 1188 2532 Peripateticorum

248 2565 363 2656 scripta
396 2556 618 2644 'cognoscenda
648 2557 782 2624 multum
819 2582 893 2624 sane
947 2560 1113 2626 Cicero
1146 2583 1187 2624 ex

248 2681 327 2748 lauta
359 2675 516 2745 Attici
541 2673 728 2741 bibliotheca
752 2691 784 2738 et
804 2697 841 2738 ex
864 2673 960 2761 hujus
989 2682 1068 2741 sum'
1088 2697 1185 2766 prae-

248 2797 349 2888 'cipuis
374 2793 446 2858 viris
468 2788 718 2871 consuetudine,
745 2785 879 2855 Athenis
903 2790 1004 2872 inita,
1023 2791 1188 2883 profecit,

247 2932 338 3005 saepe
371 2909 463 2976 etiarn
498 2907 531 2968 in
566 2903 711 2994 Epistolis
746 2928 785 2970 ex
817 2907 885 2991 ejus
909 2904 998 2971 libris
1030 2902 1186 2995 quosdam

245 3031 394 3122 expetivit
427 3022 476 3112 (5)
521 3019 662 3113 adeoque
693 3021 842 3089 Attico
864 3022 922 3087 sibi
951 3023 1105 3088 Graecam
1126 3022 1182 3087 bi·

246 3170 692 3194 m

244 3263 330 3340 stt)
354 3261 378 3320 l.
415 3256 456 3316 As
479 3253 591 3315 C.ran
620 3250 836 3328 lleusde,0.
860 3252 880 3310 l.
907 3271 937 3328 p.
963 3250 1098 3310 'ts-ot.
1143 3250 1185 3327 (il

247 3377 290 3436 ld.
311 3395 341 3454 p.
378 3363 551 3430 til-tot.
577 3361 632 3438 (Cf.
648 3360 720 3420 Gie.
744 3360 780 3420 de
804 3361 865 3418 l'in.
894 3361 941 3426 lv,
970 3359 1034 3435 28.)
1079 3360 1118 3435 (5)
1141 3359 1185 3418 ld.

245 3479 470 3567 prot-tlt.
516 3476 555 3553 (l)
578 3473 674 3531 Plrrt.
702 3471 848 3530 vitaCie.
880 3490 909 3529 e.
929 3471 960 3529 tl.
986 3468 1030 3529 Cl.
1048 3467 1123 3528 Cic.
1151 3468 1187 3527 de

247 3601 331 3679 mg,
357 3570 388 3661 ιζ
409 3590 463 3666 ar,
487 3583 576 3645 rear.
604 3583 639 3658 rr,
669 3582 700 3640 t.
738 3581 784 3658 (5)
807 3581 845 3640 aa
867 3581 934 3643 aa.
961 3581 1034 3647 xru,
1059 3578 1115 3657 sp.
1132 3578 1186 3637 aa:

249 3752 272 3786 ,‚
289 3698 504 3767 Dicaearchi
530 3702 590 3776 πιρὶ
622 3701 708 3776 ψυχῆς
751 3701 881 3768 utrosque
920 3689 1003 3752 velim
1037 3688 1133 3748 mittas
1159 3698 1189 3747 et

238 3819 427 3894 ,sumpturos
455 3807 635 3886 τριπολιτικὸν
667 3819 722 3862 aon
752 3800 885 3870 invenio,
908 3813 937 3863 et
950 3798 1105 3880 Epistolau
1116 3796 1187 3876 ejus,

248 3930 330 4004 quam
354 3921 392 3983 ad
414 3915 673 3978 Aristoxenum
700 3912 783 3974 misit.
810 3911 878 3977 Tro
897 3928 947 3976 eos
966 3909 1054 3982 libros
1068 3906 1188 3971 manne
