2602 4620
617 297 657 364 73

173 490 288 554 Zeno
304 482 455 574 :quidem
486 480 560 565 ille,
591 508 608 546 a
640 503 706 571 quo
742 479 906 571 disciplina
925 483 1107 552 Stoicorum

173 617 242 685 est,
277 623 374 666 mann
407 597 623 664 demonstrare
653 595 796 680 solebat,
829 595 909 685 qnid
940 601 1023 665 inter
1052 599 1108 666 but

173 733 253 783 artes
277 716 449 802 interesset.
494 713 578 779 Nam
608 716 691 779 ¹cum
725 729 948 804 compresserat
976 711 1111 800 digitos,

174 852 386 920 pugnumque
419 827 554 913 fecerat,
584 825 791 914 ¹dialecticum¹
813 830 921 915 ajebat
952 830 1127 917 ejusmodi,-

175 967 259 1010 essee
293 967 397 1033 quum
416 961 521 1010 autem
540 941 726 1028 diduxerat,
749 961 781 1010 et
800 967 932 1010 manum
954 943 1123 1030 dilatarat,¹

176 1056 297 1149 palmae
336 1056 416 1124 illius
460 1058 591 1125 similem
634 1059 846 1151 eloquentiam
885 1083 948 1126 esse
979 1058 1114 1128 dicebat.

176 1174 287 1264 Atque
307 1175 415 1240 ,etiam
439 1190 516 1241 *ante
544 1174 634 1242 bunc
657 1174 927 1242 Aristotcles
952 1178 1113 1268 principio

181 1290 254 1356 artis
287 1289 463 1357 rhetoricae
485 1289 587 1373 dicit,
609 1289 694 1356 illam
721 1306 822 1356 artem
844 1292 932 1382 qnasi
961 1317 1000 1359 cx
1022 1293 1116 1362 altera

96 1439 98 1442 ⁴
177 1424 267 1495 parte
287 1403 480 1499 respondere
492 1404 700 1474 dialecticae:
726 1422 763 1471 ut
782 1405 846 1473 boc
865 1405 1115 1476 videlicetdiffe·

179 1530 251 1588 rant
282 1523 365 1588 inter
382 1546 454 1605 se,
488 1519 577 1612 quod
597 1521 675 1589 haec
699 1523 779 1588 ratio
800 1520 930 1589 dicendi
948 1523 1037 1589 latior
1058 1526 1128 1607 sit',¹

178 1637 227 1705 illa
246 1634 400 1728 loquendi
424 1637 651 1704 contractior.'’
673 1635 722 1723 (l)
739 1635 890 1704 Eandem
909 1639 1126 1720 sententiam,

181 1778 263 1843 quae
295 1751 431 1818 mirifice
450 1752 642 1818 Ciceroni
677 1751 820 1841 placebat
840 1784 863 1834 ,·
880 1751 1121 1823 retulitiisdcm

183 1847 284 1964 paene
316 1868 419 1936 vernis
451 1869 485 1934 in
518 1867 605 1933 tiaris
627 1865 668 1933 de
694 1868 830 1934 ¹nunu
843 1866 920 1956 ι(2),
943 1870 977 1935 in
1000 1872 1121 1938 oms-

184 1987 237 2053 riis
269 1985 496 2052 Partitionibus
518 1984 592 2074 (3),
613 1986 647 2051 in
672 1988 807 2073 Bruto
829 1984 900 2076 (4),
923 1988 979 2053 ubi
999 1986 1118 2058 dialec-

184 2107 276 2169 ticam
301 2127 318 2166 a
342 2124 374 2167 se
413 2124 542 2191 quoque
570 2098 791 2167 studiosissime
817 2102 959 2169 exerceri
978 2103 1120 2192 'profite-

183 2235 245 2293 tur.
271 2235 274 2240 '
303 2265 326 2301 „
341 2215 553 2284 adhibebant
601 2219 687 2284 enim
700 2218 735 2300 ,''
782 2216 1039 2308 ut'Hen'sdii
1072 2219 1122 2310 (5)

183 2332 285 2406 verbis
316 2348 408 2415 utar,
443 2349 614 2416 „oratores
652 2330 870 2414 dialecticam,
913 2358 980 2425 qno
1020 2336 1122 2420 'magis

188 2449 375 2515 sententiam
398 2472 488 2514 suani
512 2448 639 2514 civibus
671 2446 1126 2537 persuaderentsphilosopbi

184 2581 308 2648 antem,
334 2586 409 2630 cum
431 2559 512 2626 nibil
532 2561 566 2622 in
588 2559 763 2624 civitatibus
778 2557 844 2622 ¹illis
866 2556 1124 2646 eloqmntidbass

185 2681 312 2745 beretur
332 2678 436 2762 ‘nujus
457 2688 490 2738 et
510 2671 678 2755 illustrius,
702 2687 734 2761 et
759 2674 869 2758 juvare
891 2686 1025 2738 oratores
1050 2689 1124 2739 stu·

186 2790 328 2873 debant,
353 2803 389 2853 ut
411 2788 445 2851 in
468 2801 568 2852 tantae
591 2784 704 2870 gloriae
726 2784 902 2853 societatem
923 2788 1128 2878 pervenirent

187 2891 445 2997 quodammodo,
480 2919 512 2968 et
543 2898 805 2990 ipsi'scribendo‘
828 2898 1031 2991 dicendoque
1045 2918 1129 2970 ⁴'cum

187 3019 245 3086 illis
265 3018 306 3086 de
327 3016 523 3109 eloquentiae
548 3015 650 3106 palma
673 3014 908 3082 concertabant.
952 3017 1125 3083 Verumta⁴

189 3159 264 3221 naen
291 3134 411 3201 factum
432 3132 474 3197 ita
496 3129 589 3196 simul
611 3145 668 3209 est,
698 3146 734 3194 ut
755 3145 842 3196 tanto
866 3127 1126 3218 splendoreeln-

191 3234 294 3320 centes
317 3249 376 3315 hae
400 3263 479 3313 artes
489 3243 798 3333 obscurarentplane
808 3244 984 3337 simplicem
993 3249 1130 3316 veritatis

237 3477 277 3555 (t)
300 3475 375 3535 oran
405 3495 432 3536 e.
456 3478 506 3536 sa.
553 3479 592 3552 (a)
626 3478 662 3552 u,
690 3438 720 3536 o.
745 3476 798 3536 eff.
823 3432 879 3553 lv,
896 3478 927 3534 t.
956 3478 1046 3553 acar.
1060 3480 1085 3555 t,
1099 3478 1129 3561 8,

196 3588 268 3667 disp.
299 3607 328 3646 n.
352 3605 381 3665 p.
411 3586 457 3666 55ν
474 3599 502 3645 et
519 3586 569 3646 54.
615 3587 654 3664 (ὅ)
677 3605 703 3645 c.
727 3587 778 3646 to.
792 3586 823 3644 ln
838 3604 892 3664 quo
906 3604 991 3664 opere
1005 3583 1132 3650 Cicero

195 3694 367 3785 eloquentiae
408 3705 437 3751 et
460 3693 617 3754 dialectices
642 3695 833 3772 cognationem
864 3694 974 3772 egregie
993 3699 1130 3775 exposuit.

199 3803 238 3878 (l)
260 3821 287 3862 c.
316 3801 368 3861 90.
413 3800 453 3878 (5)
484 3801 544 3861 luit.
572 3801 608 3874 ll,
634 3802 670 3875 ll,
697 3820 726 3877 p.
758 3799 808 3861 92.
835 3799 1132 3870 ctaristat’robt.

199 3923 268 3972 scot.
296 3910 344 3988 18,
376 3910 397 3994 ἕ
425 3913 455 3971 5.
