2602 4620
621 287 681 353 162

173 471 232 537 illel
256 496 306 538 me
323 474 530 540 retinuissem.¹
549 475 594 562 Q.
610 475 687 563 Qno
699 469 856 538 tandem?
879 470 1017 537 libenter
1029 473 1127 539 euim

173 588 279 673 frater,
293 590 342 656 ad
364 593 455 657 istam
476 592 649 658 orationem
668 607 773 655 tecum
783 587 977 680 prolaberer.
999 590 1048 655 Μ.
1065 588 1119 656 Aa

175 702 274 769 sanem
306 708 483 784 bonorum,
522 729 589 798 qno
621 705 804 772 referantur
836 708 871 770 et
904 706 1116 796 cujum-eausa

174 836 249 884 aum
272 819 413 888 facienda
434 824 557 891 omnia:
582 839 812 890 controversam
844 843 912 886 rem
926 836 964 885 ‚et
986 819 1117 916 plenam

176 932 371 1003 dissensionis
394 940 478 1004 inser
497 938 709 1020 doctissimos,
741 936 796 1002 sed
818 935 989 1025 aliquando
1010 953 1117 1003 tamen

172 1047 398 1134 judicandam..
412 1052 493 1119 Aet.
516 1055 586 1141 Qui
610 1054 694 1118 istue
712 1052 782 1116 fieri
804 1067 930 1142 polest,
953 1055 993 1116 L.
1016 1053 1115 1118 Gel-

175 1164 231 1231 lio
259 1174 412 1236 mortuo?
457 1171 505 1235 M.
528 1168 619 1259 Quid
645 1166 773 1234 tandem
795 1167 827 1232 id
850 1167 1006 1234 adrem?
1033 1169 1119 1253 Ate,

176 1280 261 1367 Quia
281 1305 331 1346 me
344 1282 486 1350 'Athenis
505 1283 613 1349 audire
634 1307 673 1348 ex
700 1281 883 1348 Phaedro
907 1306 978 1348 meo
1000 1287 1115 1350 memi-

177 1398 233 1477 ni,
261 1395 459 1478 Gellium,
483 1399 663 1465 familiarem
688 1416 798 1477 trium,
822 1423 925 1486 (fnum
944 1423 1127 1484 pronon*

176 1512 243 1578 sule
275 1534 313 1578 eu
348 1530 493 1604 praetura
514 1517 549 1580 in
588 1517 752 1584 Graeciam
779 1516 934 1596 venisset,
980 1515 1118 1582 Athenis

179 1630 405 1722 philosophos,
428 1634 484 1720 qui
508 1650 574 1697 tum
595 1648 703 1712 erant,
729 1629 886 1696 inlocum
909 1655 1012 1695 unum
1031 1657 1114 1698 con-

180 1750 484 1840 vocasse-simisque
507 1766 622 1835 magno
642 1773 738 1839 opere
760 1765 920 1815 auctorem
944 1749 1059 1831 fnisse,
1082 1768 1117 1815 ut

181 1862 351 1953 aliquando
381 1866 661 1937 controversiarum
698 1862 837 1951 aliquem
874 1864 1014 1929 saeerent
1043 1889 1116 1931 mo-

180 1976 281 2042 dum:
308 1975 440 2065 quodsi
460 1995 561 2042 essent
582 1998 620 2043 eo
640 1979 767 2059 auimo,
790 1977 966 2043 sat-nollent
984 1995 1115 2046 aetatem

180 2094 213 2156 in
235 2092 342 2157 lilibus
363 2109 546 2176 conterere3
572 2115 661 2183 posse
681 2114 749 2157 rem
765 2097 960 2178 eonveniret
983 2095 1122 2160 elsimnl·

180 2228 310 2295 operam
341 2224 427 2272 suam
462 2207 519 2271 illis
549 2231 613 2274 esse
640 2209 838 2300 pollicitum,
861 2213 886 2275 si
909 2228 1010 2299 posset
1030 2211 1116 2277 inter

181 2334 235 2390 eos
254 2323 388 2415 aliquid·
404 2326 581 2391 couvemre.
625 2328 674 2391 M.
697 2326 838 2391 Ioculare
854 2325 937 2391 istud
958 2325 1116 2415 quidem,

180 2447 400 2534 Pomponi,
433 2450 466 2507 e't‘
498 2443 640 2509 amultis
662 2467 755 2535 saepe
778 2442 924 2509 derisum.
969 2441 1033 2506 Sed
1056 2467 1116 2527 ego

178 2562 271 2651 plane
285 2560 402 2626 -vellem
421 2584 485 2624 ¹me
504 2562 659 2625 arbitrum
681 2562 763 2624 inter
792 2561 957 2647 antiquam
983 2558 1114 2625 Acade-

180 2680 296 2757 eniam,
328 2693 360 2740 et
394 2678 600 2740 Zenonem
635 2673 754 2739 datum.
780 2678 863 2739 Ast.
886 2675 963 2761 Quo
985 2671 1115 2740 tandem

178 2790 262 2855 istud
283 2788 404 2856 modo?
438 2791 485 2857 Μ.
508 2790 594 2876 Quia
613 2787 653 2853 ‹le
675 2813 709 2854 re
731 2814 793 2853 una
816 2787 1115 2870 solum-dissident,

179 2906 233 2972 de-
252 2906 364 2972 ueteris
388 2903 521 2970 mirifice
543 2922 732 2990 congruunt.
759 2908 847 2972 Att..
865 2905 929 2971 Ain
955 2905 1113 2974 tandem?

178 3034 241 3090 nna
263 3023 360 3089 de‘re
390 3037 442 3087 est¹
469 3020 570 3087 solum
590 3021 766 3089 dissensio?
797 3025 844 3088 M.
866 3023 959 3111 Quae
980 3021 1113 3110 quidem

176 3140 215 3206 ad
250 3154 317 3206 rem
351 3138 505 3226 pertineat
521 3158 541 3216 ,·
579 3160 673 3200 nna:
723 3137 844 3226 quippe
879 3159 953 3206 eum
989 3135 1122 3224 antiqui

176 3279 303 3328 omnes,
330 3251 417 3342 quod
442 3249 618 3317 secundum
644 3266 785 3314 naturam
811 3266 909 3330 esset,
935 3271 1001 3338 quo
1014 3252 1112 3334 juva·

174 3395 281 3438 remur
307 3371 341 3433 iu
372 3369 457 3449 vita,
480 3369 601 3432 bonum
624 3389 686 3430 esse
705 3363 922 3448 decreverint3
944 3357 1025 3448 hic,
1054 3358 1111 3429 nisi

174 3486 261 3587 quod
293 3486 462 3553 honestum
483 3499 577 3564 esset,
596 3480 691 3573 'nihil
713 3483 832 3572 putarit
864 3483 996 3546 bonum.
1023 3479 1109 3547 Att.

171 3607 359 3696 Perparvam
382 3625 455 3667 vero
475 3600 714 3666 controversiam
737 3597 834 3680 dicis,
869 3624 905 3665 ac
933 3621 997 3664 uon
1016 3620 1108 3679 eam,

165 3747 255 3812 ¹quae
280 3722 405 3787 dirimat
428 3718 551 3786 omnia.
587 3716 635 3781 M.
658 3716 761 3780 Probe
782 3713 913 3807 quidem
938 3714 1051 3795 sentis,
1084 3711 1110 3776 si

174 3858 228 3918 re,
262 3863 297 3904 ac
332 3862 397 3905 non
423 3837 526 3905 verbis
549 3832 744 3903 dissiderent.
791 3836 872 3903 Att.
895 3836 980 3924 Ergo
1002 3855 1111 3900 assen-
