2602 4620
611 279 680 346 148,

190 474 416 567 Παραλιπέντων
460 464 509 537 οὖν
540 477 597 537 τῶν
625 454 769 562 προτέρων
795 473 979 561 ἀνερεύνητον
1005 474 1036 538 τὸ
1063 475 1130 566 περί

187 611 235 674 τῆς
272 600 460 688 νομοθεσίας,
503 597 603 670 αὐτοὺς
644 597 841 683 ἐπισιιέψαθαι
872 597 987 684 μᾶλλον
1012 598 1129 685 βελτιον
1182 589 1189 600 ’

190 727 280 809 ἴσως,
308 721 356 787 καί
384 722 455 795 ὅλως
481 718 520 791 δὴ
548 720 613 810 περὶ
641 721 809 806 πολιτείας,
837 725 911 796 ὅπως
938 724 976 797 εἰς
1002 721 1129 813 δύναμιν

187 854 205 921 ἡ
233 848 297 940 περὶ
324 848 361 914 τὰ
387 847 553 937 ἀνθρώπινα
579 845 729 936 φιλοσοφίαι
755 843 898 934 τελειωθῇ.
926 855 1042 936 πρῶτον
1077 852 1128 939 μὲν

186 966 233 1040 οὖν
259 973 285 1039 εἴ
310 994 336 1038 τι
363 973 439 1037 κατὰ
465 973 549 1060 μέρος
575 971 682 1061 εἴρηται
709 971 804 1043 καλῶς
832 970 885 1036 ὑπὸ
912 979 969 1036 τῶν
986 998 1127 1062 προγενε-

186 1101 279 1189 ςέρων
320 1095 498 1187 πειραθῶμεν
524 1093 677 1182 ἐπελθεῖν,
718 1094 779 1160 εἶτα
805 1094 836 1158 ἔιι
862 1100 918 1160 τῶν
943 1102 1128 1186 συνηγμένων

186 1220 336 1288 πολιτειῶν
376 1221 514 1310 θεωρῆσαι
559 1221 596 1284 τοί
640 1221 709 1285 ποῖα
750 1218 838 1296 ’σώζει
864 1218 914 1282 καί
942 1220 1047 1311 φθείρει
1075 1225 1127 1298 τὰς

187 1347 280 1421 πόλεις
323 1345 371 1410 καὶ
412 1346 449 1410 τὰ
485 1347 553 1410 ποῖα
579 1343 688 1419 ἕκοίςας
715 1350 772 1410 τῶν
801 1343 968 1432 πολιτειῶν,
996 1349 1045 1412 καί
1073 1345 1127 1413 διὰ

187 1473 263 1545 τίνας
305 1470 397 1545 αἰτίας
421 1471 451 1533 αἱ
479 1467 531 1556 μὲν
557 1468 652 1542 καλῶς
682 1471 712 1532 αἱ
740 1467 787 1534 θέλ
801 1470 959 1536 τούναντίον
990 1473 1128 1539 πολιτεύ-

185 1611 274 1664 ονται·
305 1593 495 1685 θεωρηθέντων
520 1593 579 1682 γὰρ
606 1591 710 1658 τούτων
736 1587 807 1680 τάχ’
836 1593 873 1658 ἂν
899 1580 1013 1682 μᾶλλον
1027 1580 1126 1663 φοί.

186 1719 286 1809 θοιμεν
312 1718 360 1784 καί
386 1719 455 1784 ποία
481 1717 609 1784 πολιτεία
634 1720 752 1807 ἀρίςη,
780 1719 829 1782 καί
857 1725 917 1796 πῶς
932 1720 1027 1796 ἑκοίςη
1044 1749 1127 1811 mx.

187 1846 292 1931 θεῖσα,
333 1842 380 1910 καί
422 1844 478 1909 τίσι
520 1845 614 1929 νόμοις
640 1841 688 1906 καί
715 1841 788 1907 ἔθεσι
821 1846 970 1934 χρωμένη,
1007 1826 1127 1912 ΙΜιιΙῑο

188 1964 283 2047 magis
304 1962 475 2040 sententia,
497 1984 594 2048 quam
618 1960 789 2048 proposui,
818 1959 966 2041 duobus,
999 1965 1126 2050 exejus

188 2076 274 2141 libris
299 2073 457 2153 Politicis,
481 2072 554 2138 locis
575 2073 755 2139 confirmari
778 2073 925 2149 videturz
957 2075 1126 2166 „Quidam

190 2191 343 2283 optimam
366 2189 410 2252 rei
435 2185 580 2277 publicae
600 2185 864 2256 administrandae
887 2193 1021 2259 formam
1042 2217 1124 2258 cen-

173 2286 255 2373 ,sent
287 2303 433 2369 omnibus
469 2303 655 2389 permixtam
683 2328 746 2368 esse
767 2321 936 2396 oportere3
962 2304 1123 2373 Lacedae-

187 2422 366 2488 moniorum
400 2419 494 2504 igitur
526 2420 779 2486 constitutionem
797 2420 945 2503 laudant,
969 2439 1124 2510 tanquam

188 2562 225 2605 ex
256 2536 445 2623 oligarchia,
479 2532 658 2601 monarchia
682 2552 713 2600 et
740 2535 927 2603 democratia
958 2541 1121 2630 composi-

188 2673 271 2737 tam3
298 2655 419 2736 regium
444 2652 529 2716 enim
553 2653 722 2737 imperium
733 2652 967 2735 monarchiam,
993 2671 1121 2720 senato-

186 2798 264 2845 rum*
283 2781 352 2862 (τῶν
375 2778 526 2865 γερόντων)
550 2779 973 2865 auctoritatemoligarchiam
986 2799 1119 2866 vocant3

187 2918 282 2984 pones
318 2893 473 2984 populum
507 2917 581 2959 vero
605 2919 662 2984 per
682 2895 830 2986 ¹Ephorus
854 2913 1038 2984 potestatem
1059 2921 1123 2962 esso

185 3012 322 3079 dicunt''
347 3009 420 3099 (i),
444 3025 475 3075 et
498 3008 594 3075 altero
616 3010 686 3078 loco
709 3010 781 3097 (2):
829 3014 935 3096 „Cum
957 3014 992 3078 in
1013 3015 1122 3080 omni-

185 3133 245 3194 bns
276 3130 451 3195 civitatibus
476 3129 533 3192 tria
557 3129 620 3193 sint
640 3131 756 3194 civium
778 3153 910 3214 genera,
933 3129 983 3195 alii
1005 3127 1123 3195 divitiis

186 3247 279 3310 nimis
302 3242 535 3325 redundantes,
570 3245 661 3308 nimis
684 3261 868 3335 paupertate
889 3246 1033 3337 oppressi
1051 3246 1122 3325 alii,

171 3362 312 3426 'tertium
338 3381 434 3445 genus
456 3383 575 3442 eorum,
598 3361 654 3449 qui
674 3359 804 3427 modicis
823 3363 937 3452 opibus
948 3359 1123 3448 gaudeant,

173 3482 232 3542 'eas
255 3479 409 3551 civitates,
434 3477 469 3540 in
480 3477 596 3563 quibos
610 3474 750 3542 inedium
760 3476 821 3542 hoc
834 3501 931 3563 genus
948 3477 1125 3566 plurimum

182 3593 290 3673 valcat,
315 3594 449 3684 optimas
476 3608 544 3658 eta
570 3615 676 3656 rerum
702 3586 853 3660 novarum
876 3590 1124 3660 studiomaaime

171 3809 176 3821 ⁰
223 3769 322 3903 itin,
353 3826 383 3883 θ.
411 3823 464 3882 Cis.
495 3822 542 3896 IV,
568 3842 594 3879 e.
620 3823 1027 3901 51ns.ete.8etssuhte‚
1048 3823 1122 3885 0.1.

181 3933 229 4010 ΙΙΙ,
253 3954 283 4012 p.
317 3933 387 3991 179.
432 3926 544 4005 (affl,
575 3932 621 3988 Μ.
651 3929 695 3989 Cf.
727 3931 858 4007 Buhle,
883 3932 922 3992 ib.
939 3953 970 4014 p.
986 3933 1122 4013 iddsqq.
