2602 4620
621 293 681 359 161

184 476 283 543 eiasim
297 496 301 531 ῑ
316 476 476 566 imperent
512 489 607 562 atque
642 475 796 556 serviant,
821 498 885 562 quo
904 475 1023 554 melius
1059 477 1118 557 Irae

182 609 287 679 partes
319 591 432 658 mixtae
462 605 559 681 atque
578 605 766 682 temperatae
788 588 929 674 fuerint,
948 617 988 678 ρο
1013 595 1115 680 stabi·

180 707 289 779 liorem
321 709 365 775 rei
398 706 543 797 publicae
575 703 877 796 administrationem
900 707 1038 776 suturam
1056 734 1119 799 esse

181 842 286 913 censet
316 823 386 914 (1);
425 825 465 889 ita
497 848 627 914 quoque
658 823 812 914 Cir-ero
846 823 954 915 populi
986 827 1118 895 Romani

180 942 380 1032 partitienem
409 941 443 1006 in
480 941 625 1030 quinque
659 939 765 1029 classes
789 939 837 1006 vei
862 955 991 1034 centum
1010 964 1113 1014 uena-

180 1057 265 1141 ginta
285 1072 347 1122 tres
368 1056 542 1137 centurias,
579 1055 757 1148 exquibus
786 1079 848 1121 uua
876 1054 1118 1142 proletariorum

181 1174 319 1245 eenturia
354 1188 450 1250 tetam
481 1169 593 1262 populi
618 1170 735 1249 faeiem
758 1171 960 1254 continebat,
984 1173 1117 1244 maxime

181 1289 316 1375 probat:
366 1289 458 1368 „Ita”
494 1288 602 1367 enim,
638 1287 764 1376 inquit,
799 1310 883 1370 „uec
915 1286 1114 1379 prohibeba-

182 1421 232 1476 tur
266 1404 434 1494 quisquam
460 1405 533 1490 jure
565 1401 720 1489 suffragii:
745 1417 776 1466 et
798 1403 821 1477 is
844 1401 967 1471 valebat
986 1405 1020 1468 in
1042 1403 1113 1469 suf·

179 1518 275 1606 fragia
307 1520 506 1613 plurimum,
541 1523 632 1608 eujus
664 1520 840 1612 plurimum
870 1522 1019 1587 intererat
1052 1545 1117 1588 esse

178 1638 213 1702 iu
241 1636 362 1725 optimo
388 1652 471 1709 statu
486 1636 668 1703 civitatem’'
691 1635 753 1723 (2).
798 1637 917 1702 Neuter
939 1659 1012 1702 vero
1034 1661 1115 1725 pre·

178 1752 234 1818 bat
254 1767 443 1841 perpetuum
460 1753 694 1838 magistratuum
718 1766 922 1839 potestatem,
938 1751 1051 1843 populi
1067 1752 1111 1818 ii-

179 1875 294 1946 bertati
327 1875 459 1942 maxime
490 1874 697 1953 contrariam:
724 1866 903 1963 'Eimiepioer
931 1872 981 1960 δὲ,
1007 1877 1115 1968 inquit

179 1998 432 2081 Aristoteles
451 1996 521 2086 (3),
541 1995 571 2063 ἓν
594 1996 648 2085 μὲν
674 1996 705 2062 τὸ
737 1997 765 2062 ἐν
793 2000 872 2087 μέρει
904 2003 1037 2089 ἅρχεθαι
1064 2004 1112 2082 uoti
1145 1988 1148 1992 .

178 2129 309 2213 ἄρχειν,
342 2139 374 2188 et
397 2124 546 2189 Cicero
567 2119 637 2209 (4)=
686 2121 753 2203 „Iu
778 2146 842 2210 qua
863 2146 897 2213 re
919 2124 1046 2214 publiea
1070 2146 1116 2194 est

179 2266 261 2308 unus
291 2242 402 2332 aliquis
430 2256 585 2331 perpetua
604 2244 774 2329 potestate,
805 2244 988 2329 praesertim
1007 2247 1114 2331 regia,

180 2359 322 2447 quamvis
352 2359 387 2423 iu
412 2381 445 2424 ea
468 2358 508 2422 sit
533 2373 565 2422 et
590 2371 737 2437 senatum
753 2390 799 2406 ·-
820 2373 852 2421 et
872 2372 910 2421 ut
927 2360 966 2422 sit
984 2358 1115 2448 aliquod

179 2476 270 2541 etiam
289 2473 401 2566 populi
421 2475 475 2559 jus
490 2502 500 2556 3
514 2508 559 2526 --
582 2488 685 2536 tamen
697 2468 775 2536 iliud
786 2470 908 2538 excellit
918 2474 1037 2558 regium
1049 2500 1103 2544 uo.

178 2613 278 2673 men3
316 2612 420 2678 neque
454 2603 556 2676 potest
582 2584 736 2673 ejusmodi
754 2609 802 2652 res
824 2585 951 2674 publica
973 2613 1038 2655 uon
1059 2616 1114 2656 re·
1191 2571 1193 2576 Ι

178 2728 277 2791 gnum
307 2720 339 2770 et
371 2726 436 2770 esse
461 2719 494 2768 et
516 2704 630 2771 vocari.
675 2703 720 2768 Ea
739 2717 844 2768 autem
863 2702 963 2770 forma
985 2705 1114 2773 civitatis

178 2819 336 2886 mutabilis
360 2821 494 2887 maxime
517 2835 564 2885 est
585 2819 668 2885 hanc
693 2820 735 2884 oh
755 2842 900 2904 causam,
923 2818 1113 2910 quoduuius

176 2938 250 3004 vitio
273 2939 529 3030 praecipitatam
552 2936 843 3028 perniciosissimam
864 2953 988 3025 partem
1016 2939 1109 3005 facil-

174 3057 246 3124 lime
269 3054 423 3126 deeidir’.

215 3177 264 3242 De
297 3177 358 3240 situ
386 3175 473 3245 urbis
501 3175 569 3260 jam
603 3170 815 3265 disputaverat
846 3172 1108 3265 Aristoteles,

173 3311 305 3376 eamque
336 3304 493 3378 quantum
523 3288 582 3354 loci
615 3304 726 3356 natura
754 3289 891 3379 patiatur
913 3306 944 3356 et
964 3292 1055 3358 maris
1078 3308 1109 3354 et

214 3571 254 3645 (1)
277 3568 339 3627 ΡοΙ.
371 3568 417 3633 itt
444 3569 492 3626 ii.
524 3567 570 3629 Gi.
600 3564 659 3645 vn,
688 3571 719 3628 2.
743 3569 814 3629 Hine
839 3568 1045 3648 quoque‚Pol.
1058 3569 1106 3645 ΙΙΙ,

175 3679 201 3746 i,
213 3697 243 3756 p.
273 3675 363 3755 ΜΒ,
389 3693 416 3734 a.
436 3675 487 3752 25,
512 3676 579 3737 civis
594 3677 735 3738 notionem
749 3689 786 3755 τῷ
805 3685 922 3757 μετέχειν
942 3686 1046 3759 κρίσεως
1066 3684 1109 3738 καὶ

172 3795 257 3869 ἀρχῆς
276 3785 379 3866 optime
419 3785 535 3864 exprimi
560 3787 705 3865 judicarit.
751 3786 792 3863 (i)
813 3786 849 3845 de
889 3786 961 3864 Rep.
994 3787 1028 3862 ΙΙ,
1055 3787 1107 3849 2⁶2.

174 3896 214 3972 (ὅ)
236 3897 298 3957 Pol.
320 3897 368 3965 Vl,
393 3897 425 3957 2.
447 3895 490 3956 Gi.
521 3894 568 3972 Ν,
604 3897 652 3957 15.
698 3897 737 3976 (4)
759 3897 794 3957 de
822 3897 895 3976 Rep.
926 3897 960 3966 11,
988 3898 1040 3957 25..
