2602 4620
622 244 684 318 tor

172 451 230 518 ta,
254 438 281 502 ri
302 457 354 502 me
383 434 508 520 audias,
540 432 675 502 eandem
699 455 822 500 caruem
842 455 932 520 agas,
965 447 1064 524 teque
1086 450 1119 500 et

172 551 355 642 principem
380 549 505 636 civem,
551 564 583 617 et
605 545 795 642 pontificem
812 569 878 614 erse
900 547 1039 635 cogites,
1061 565 1118 631 et,

172 666 325 755 quoniam
347 666 383 732 in
414 678 584 756 utramque
615 679 737 754 partem
771 663 859 730 vobis
892 657 967 730 licet
999 659 1119 754 dispu-

173 796 259 867 tare,
280 780 366 849 hanc
383 782 490 874 potius
514 803 640 865 sumar,
662 801 796 870 eamque
816 775 997 846 facultatem
1016 775 1118 844 disse·

173 894 289 980 rendi,
327 920 427 987 quam
461 896 556 966 tibia
580 893 744 964 rhetoricis
763 892 1040 961 exercitationibus
1060 916 1123 968 ace

175 1027 302 1101 ceptam
329 1009 537 1104 amplificavit
559 994 850 1095 Academia,huc
873 1008 979 1100 potius
1001 1005 1119 1076 conie-

175 1126 266 1191 raa.''
289 1125 337 1192 De
362 1149 426 1215 qua
445 1127 609 1193 Cottae
631 1121 842 1216 disputatione
864 1122 1032 1203 Cicero
1057 1120 1119 1190 boe

176 1238 251 1309 tulit
282 1237 443 1327 judicium
476 1237 548 1329 (l)=
597 1240 703 1330 „Ipse
731 1239 867 1306 Cotta
888 1237 932 1304 sic
954 1234 1121 1331 disputat,

177 1374 217 1425 ut
237 1359 415 1428 Stoicorum
436 1360 531 1446 magis
562 1372 745 1445 argumenta
762 1354 924 1439 confutet,
949 1379 1049 1444 quam
1059 1354 1123 1424 ho-

180 1475 304 1545 minum
325 1473 427 1546 deleat
445 1474 659 1564 religionem.''

227 1589 370 1659 Similem
399 1607 496 1683 atque
529 1591 564 1658 in
581 1590 671 1658 libris
690 1588 732 1656 de
750 1589 868 1657 Natura
890 1590 1032 1657 Deorum
1067 1615 1124 1657 ra-

184 1708 326 1790 tionem,
350 1708 509 1775 Cicero
528 1693 676 1774 inlibris
699 1703 742 1771 de
754 1704 975 1786 Divinatione,
998 1705 1033 1773 in
1046 1706 1125 1795 qui-

182 1824 243 1892 bua
267 1825 455 1916 Quintus
473 1826 601 1906 Stoica,
624 1824 690 1916 ipse
710 1821 819 1890 veteris
841 1820 1031 1890 Academiae
1052 1822 1127 1915 pla-'-

185 1942 247 2006 cita
278 1939 320 2006 de
341 1939 555 2018 divinatione,
588 1929 765 2031 quaecum
794 1937 1009 2028 Peripateticis
1042 1962 1125 2006 con-

186 2055 329 2121 sentiunt
348 2053 416 2144 (2),
452 2071 578 2139 tuetur,
602 2079 634 2122 se
655 2072 800 2125 secutum
820 2078 904 2138 esse,
926 2054 1018 2121 initio
1036 2056 1129 2139 lrag·

187 2169 288 2234 menti
322 2166 364 2234 dc
410 2170 489 2236 Fato
519 2169 569 2261 (3)
601 2169 809 2258 significavit:
855 2170 927 2256 „In
958 2168 1016 2236 illis
1038 2167 1129 2236 libris

188 2280 272 2366 feci,
294 2283 351 2374 qui
370 2299 447 2350 aunt
465 2282 507 2352 de
527 2301 637 2351 natura
657 2286 816 2354 Deorum:
849 2286 990 2376 itemque
1013 2285 1047 2350 in
1068 2284 1130 2366 iis,

193 2422 273 2490 quos
294 2397 336 2466 dc
357 2396 551 2469 divinatione
572 2399 683 2485 edidi,
703 2418 740 2466 nt
761 2403 795 2468 in
817 2414 1131 2497 utramquepartem

191 2536 347 2614 perpetua
364 2520 576 2615 explicaretur
593 2521 713 2604 oratio,
738 2546 804 2613 quo
827 2520 946 2589 facilius
966 2519 998 2587 id
1012 2545 1129 2612 aquo-

194 2661 258 2727 que
285 2640 500 2728 probaretur,
538 2635 627 2729 quod
660 2639 776 2728 cuique
810 2637 944 2704 maxime
967 2634 1133 2729 probabile

192 2750 391 2822 videretur.''
435 2752 582 2845 Elucebit
611 2751 674 2820 hoc
697 2753 831 2820 maxime
850 2753 873 2818 si
886 2751 1130 2844 magisconteu7

194 2867 270 2933 ticsa
294 2866 455 2956 Quinti
489 2858 660 2958 disputatio
691 2892 766 2935 cum
787 2868 931 2935 uberiore
952 2862 1131 2934 Cicero-

195 2982 283 3066 nis,
309 2981 387 3073 qui,
412 2998 449 3048 ut
479 2981 579 3051 Piso
600 2984 636 3049 in
657 2985 811 3068 Finibus,
846 2987 978 3053 Cotta
999 2981 1133 3050 deNa·

195 3119 265 3167 tura
293 3100 449 3187 Deorum,
478 3115 659 3168 ceterarum
692 3118 849 3169 sectarum
866 3101 1034 3168 sententias
1058 3101 1133 3188 pri·

195 3239 287 3282 mum
322 3231 485 3297 recenset,
515 3232 723 3306 comparetur.
778 3265 803 3297 „
818 3217 974 3285 Accurate
998 3232 1033 3282 tu
1056 3215 1135 3306 qui-

196 3331 320 3412 dem’',
342 3331 448 3422 inquit
467 3331 697 3422 Ci,cero(4),
728 3332 939 3423 „Quinte,
962 3347 993 3398 et
1018 3331 1136 3400 Stoi-

196 3510 437 3530 Μ·-

240 3571 339 3698 (llde
370 3620 433 3680 Div.
470 3620 493 3696 1,
535 3620 567 3678 5.
590 3617 635 3680 ct.
658 3619 831 3693 Krische,
855 3616 989 3714 imprimis
1010 3632 1040 3691 p.
1064 3611 1085 3671 9
1110 3610 1139 3668 in

193 3744 266 3807 ,nota
305 3744 333 3790 et
366 3750 396 3809 p.
445 3731 493 3789 ll.
539 3730 577 3807 (θ)
614 3731 649 3791 de
687 3729 749 3789 Div.
775 3730 798 3805 l,
825 3730 855 3791 5,
899 3728 939 3805 (bt
961 3746 987 3787 c.
1019 3725 1046 3784 l.
1097 3720 1146 3799 (4)

199 3840 236 3912 ll,
263 3840 294 3898 5.
328 3877 330 3879 .
