2602 4620
613 260 654 324 ot

578 439 710 531 Topica.
794 502 797 507 .

219 672 429 738 Ciceronis
452 671 576 760 Topica
594 693 658 736 esse
680 668 858 753 rhetorica,
884 669 1103 737 Aristote·

173 780 230 854 lis
253 810 346 863 vero.
371 812 452 876 quae
476 804 669 879 supersunt,
690 785 959 873 meredialcctica,
983 789 1108 855 Cice·

176 924 322 968 nonem
341 903 434 991 igitur
455 903 589 969 hausisse
611 927 650 970 ex
675 901 850 994 deperditis
871 904 1110 972 Aristotelis

177 1017 310 1106 Topicis
331 1018 517 1102 rhetoricis,
538 1020 611 1084 satis
633 1036 787 1109 apparet,
816 1036 885 1086 tum
906 1018 1114 1087 ediversitate

178 1131 415 1220 doctrinarum,
448 1125 536 1228 ¹quae
554 1140 720 1230 'utrimque
743 1162 859 1230 opere,
883 1136 972 1229 quod
993 1162 1111 1230 snper·

176 1231 243 1348 est,
268 1265 463 1343 tractantur,
488 1269 555 1320 tum
576 1277 616 1320 ex
637 1254 698 1323 hoc
722 1256 819 1344 ipsius
832 1257 1052 1346 Ciceronis
1071 1256 1113 1324 de

178 1369 311 1434 Oratore
334 1369 382 1456 (l)
405 1367 496 1452 loco,
509 1395 575 1460 qno
600 1371 696 1459 hujus
718 1350 854 1461 duplicis
877 1374 1016 1459 generis,
1039 1372 1113 1441 licet

176 1468 274 1551 ¹‘verbo
296 1500 446 1569 tantum,
472 1488 638 1554 meminit:
662 1487 1112 1578 „Aristoteles-pro-

178 1601 284 1691 posuit
316 1598 471 1692 quosdam
491 1598 574 1668 locos
596 1626 634 1668 cx
663 1602 787 1693 quibus
806 1604 909 1670 omnis
933 1605 1114 1690 argumenti

178 1710 259 1796 uia,
303 1739 369 1781 non
408 1713 504 1781 modo
547 1714 587 1780 ad
630 1715 895 1808 philosophorum
923 1716 1114 1811 disputatio-

175 1816 286 1914 nem,
326 1827 383 1896 sed
413 1832 506 1896 etiam
539 1828 580 1896 ad
614 1831 718 1914 hane,
752 1857 815 1922 qua
846 1832 881 1897 in
915 1835 1012 1901 causis
1045 1834 1112 1900 uti-

176 1955 278 2027 mur,
311 1946 544 2015 inveniretur.”
567 1943 616 2034 (2)
660 1947 790 2015 Monuit
809 1949 878 2035 jam
900 1947 1144 2016 Antonius

176 2060 466 2151 ‘Quaerengus
489 2057 599 2152 (quem
620 2059 727 2129 laudat
747 2061 944 2152 Ailatius
967 2065 1001 2130 in
1021 2066 1110 2158 Api-

176 2178 242 2246 bus
282 2178 453 2260 Urbanis‚
494 2203 529 2270 p.
562 2179 659 2267 ¹15)=
725 2178 987 2265 Aristotelis,
1033 2205 1115 2272 quos

183 2295 369 2377 hahemus,
417 2295 615 2386 Topicorum
657 2293 753 2360 libros
800 2319 867 2362 non
908 2321 961 2364 eos
992 2295 1114 2380 videri,

185 2433 224 2477 ex
275 2411 393 2503 quibus
439 2411 598 2476 Cicero
640 2425 673 2474 et
714 2409 992 2478 Themistius
1027 2437 1115 2482 suam

182 2524 325 2593 locorum
356 2525 625 2590 enumerationem
659 2520 880 2591 desumserunt
913 2523 985 2614 (3),
1017 2550 1114 2616 prae·

184 2659 288 2725 terea,
320 2657 357 2708 ut
379 2639 600 2709 animadvertit
633 2640 855 2732 Lyndenns
880 2641 950 2734 (4):
978 2646 1115 2729 „Ari-

185 2758 362 2826 stoteles
406 2760 504 2850 ipse,
550 2761 624 2828 Lib.
658 2762 674 2826 1
710 2762 856 2830 Priorum
897 2763 991 2833 Anal.
1027 2790 1057 2833 c.
1097 2765 1113 2834 Ι

187 2971 403 2990 w

228 3087 268 3161 (t)
290 3084 326 3160 ΙΙ,
357 3082 408 3143 56.
454 3081 562 3161 (ntes.
585 3080 619 3140 F.
642 3081 679 3141 G.
702 3101 765 3141 van
788 3081 949 3160 LiJnden,
981 3083 1119 3144 netur.
1202 3110 1205 3115 ·

186 3194 278 3254 Tull.
314 3194 342 3252 iu
374 3193 446 3271 Top.
474 3213 504 3271 p.
534 3192 572 3250 Ιδ
592 3204 621 3251 et
642 3191 668 3251 J.
692 3193 791 3251 Face.
823 3193 891 3252 lnst.
913 3193 984 3272 Log.
1004 3193 1069 3254 Per.
1088 3214 1117 3273 p.

190 3303 260 3364 187.
303 3304 342 3378 (ὅ)
364 3302 499 3363 Fabric.
527 3302 601 3361 Bibl.
625 3301 749 3369 Graeca,
779 3303 947 3382 upton.
964 3303 1118 3364 utplus.

190 3415 286 3493 Symp.
315 3411 365 3470 lib.
389 3414 414 3488 Ι,
437 3424 544 3489 quaest.
568 3411 599 3477 Ι,
627 3431 658 3488 p.
684 3411 745 3470 oto
778 3411 814 3470 D.
859 3413 898 3488 (Ι)
920 3431 950 3488 p.
975 3413 1012 3470 tt
1024 3423 1053 3470 et
1068 3411 1117 3470 15.

190 3528 235 3588 Cf.
260 3523 451 3600 Patritius,
480 3524 557 3584 Disc.
577 3524 641 3584 Per.
664 3524 745 3582 Tom.
775 3524 798 3589 Ι,
824 3535 893 3581 sect.
918 3522 967 3596 ΙΙΙ,
990 3541 1021 3599 p.
1037 3521 1119 3583 iffiet

189 3637 216 3696 J.
238 3636 300 3694 Th.
324 3632 451 3708 Buhle,
477 3631 585 3693 Comm.
609 3633 645 3693 de
673 3631 738 3692 libr.
764 3630 873 3690 Arist.
896 3630 961 3708 dep.
983 3631 1040 3691 vol.
1056 3631 1117 3709 XV,

189 3745 300 3806 Comm.
332 3742 426 3804 Gott.
466 3761 496 3819 p.
530 3743 581 3817 ¹16,
614 3741 661 3819 qni
690 3738 854 3803 contrariam
877 3741 1039 3804 sententiam
1064 3762 1124 3807 am-

189 3855 328 3933 plectitur.
