2602 4620
603 288 778 355 204‘

179 481 263 549 tioris
293 473 423 542 demum
457 473 561 540 aetatis
569 468 808 556 ,adscribendus
828 465 954 535 videtur
973 470 1033 559 (l).
1061 473 1119 537 Vir

180 596 230 663 Cl.
264 597 433 662 Karsten
470 589 517 681 (2)
542 613 600 680 pro
622 613 698 656 voce
722 580 986 674 Aristoteles,
1009 591 1121 655 Ana-

171 733 359 799 ¹xagoras
390 705 559 794 legendum
592 680 720 771 denset.
750 701 804 768 Ab
827 694 994 791 utriusque
1014 719 1121 769 autem

179 825 332 890 sententia
361 817 500 888 modeste
529 817 692 884 dissentire
713 816 826 898 liceat,
849 833 903 900 et,
931 818 992 881 nisi
1012 834 1120 883 statu-

177 965 283 1022 amus,
320 940 556 1007 Ciceronem
586 932 855 1000 Aristotelis
892 929 933 996 de
956 933 1022 1000 fato
1040 959 1120 999 sen-

176 1057 307 1124 tentiam
332 1076 459 1144 prorsus
482 1052 656 1137 ignorasse,
687 1047 866 1129 videamus,
905 1047 1008 1113 levine
1031 1035 1120 1139 quass

171 1168 250 1235 'dam
272 1170 487 1234 immutatione
509 1190 686 1255 vocumque
709 1164 906 1230 translatione
927 1171 1120 1245 ¹controver-

176 1287 232 1350 sias
263 1283 304 1349 de
335 1283 397 1349 hoe
428 1259 496 1349 loeo
515 1280 683 1361 dirimere,
720 1297 772 1363 et,
797 1280 856 1344 nisi
876 1281 1048 1365 genuinam
1070 1281 1121 1347 le-

168 1387 334 1482 ationem,
359 1397 593 1464 Ciceronis
618 1413 721 1461 tamen
743 1411 902 1476 mentem,
925 1421 1121 1484 repraesen-

180 1533 244 1582 tare
257 1515 419 1606 possimus,
441 1511 587 1598 legentes:
611 1514 671 1593 „in
686 1515 1120 1606 qua-'Empedocles

173 1623 260 1698 'suita
285 1629 558 1697 Aristotelis
579 1628 717 1710 altera”,
743 1630 790 1696 vel
817 1630 904 1718 quod
925 1631 1120 1700 malimz'in

179 1746 272 1812 altera
315 1743 610 1826 Aristoteles,
645 1726 754 1810 eorum
792 1762 874 1830 ete.;
916 1747 1006 1813 lacile
1032 1751 1121 1814 enim

179 1888 237 1929 vox
266 1868 302 1927 in
327 1861 525 1928 librariorum
545 1861 665 1927 incuria
691 1861 724 1925 in
747 1885 855 1937 vocem
868 1863 948 1948 fuit
970 1863 1121 1930 contrabi
1162 1932 1164 1936 ,

178 1978 302 2066 poluit3
343 1973 431 2065 quod
468 1999 506 2042 eo
536 1975 754 2068 probabilius,
780 1955 929 2068 quoniam
958 2002 997 2043 ex
1019 1979 1121 2065 hujus

175 2093 236 2160 loci
258 2106 409 2154 contextu
430 2089 565 2155 dubium
584 2090 647 2172 fit,
673 2108 780 2158 utrum
806 2093 865 2158 vox
882 2098 917 2157 in
931 2093 1117 2180 reponenda

173 2199 340 2288 uideatur,
365 2229 424 2271 nec
447 2229 498 2272 ne.
527 2207 687 2272 Praeterea
711 2211 826 2273 mirum
852 2196 953 2289 loret',
986 2209 1115 2274 Cice-

177 2346 326 2389 ronem
362 2346 436 2388 eum
460 2323 576 2404 unius,
613 2321 730 2389 mediae
755 2349 906 2414 quoque,
944 2327 1117 2391 sententiae

172 2423 367 2530 'coryphaeos
402 2436 558 2519 attulerit,
591 2440 624 2503 in
655 2437 760 2506 medio
796 2434 979 2507 relieturum
1000 2441 1115 2521 luisse,

177 2556 309 2642 quinam
330 2552 453 2618 alterius
477 2555 685 2642 patrocinium
707 2557 924 2647 susoepissent.

169 2709 173 2718 ·
217 2670 289 2735 Etsi
322 2693 360 2734 ex
390 2647 453 2735 hoe
479 2668 655 2755 fragmento
676 2670 799 2737 efficere
824 2696 890 2737 non
911 2669 1020 2753 liceat,
1046 2673 1114 2737 Ci-

173 2774 378 2851 e'eronem
395 2808 434 2849 ex
446 2784 715 2871 Aristotele,
741 2788 798 2852 nisi
815 2787 946 2854 fortassis
959 2786 1116 2877 quaedam

173 2906 239 2975 loen
270 2930 309 2972 ex
343 2906 427 2973 libro
458 2906 523 2997 napi
550 2908 690 2999 ἑρμενείας
723 2912 771 3000 (3)
795 2914 928 3004 excipias
949 2913 1042 3002 (4),
1078 2917 1113 2979 in

214 3193 252 3266 (1)
276 3191 329 3249 le.
352 3193 424 3269 disp.
443 3215 472 3252 ιι.
497 3216 528 3272 p.
551 3198 617 3274 191,
629 3212 694 3260 nota
712 3205 726 3260 1
743 3205 883 3264 etFabr.
900 3205 973 3265 bibl.
990 3206 1110 3282 Graeca,

171 3301 221 3378 ru,
247 3320 278 3378 p.
305 3299 371 3359 nr.
416 3302 455 3379 (a)
480 3303 551 3363 rut
573 3306 672 3368 enee.
701 3312 754 3372 rer.
779 3313 814 3381 ιι,
841 3334 872 3393 p.
890 3302 966 3393 nst,
989 3336 1020 3375 ι.
1040 3318 1110 3375 aar.

175 3411 214 3486 (ὅ)
237 3408 316 3469 Hunc
339 3410 439 3470 librum
462 3411 676 3478 Aristotelis
703 3440 777 3505 esse¹
793 3426 904 3503 negavit
931 3425 1113 3486 Androni-

175 3538 242 3578 cus
275 3519 466 3594 Rhodius3
503 3523 563 3602 ejus
606 3546 673 3587 vero
712 3531 903 3593 auctoritatem
941 3534 1026 3594 tuitus
1070 3547 1112 3594 est

173 3629 402 3690 Alexander
434 3631 777 3710 Aphrodisiensis.
807 3642 862 3703 Cff.
907 3663 976 3721 quos
1017 3645 1110 3703 laudat

173 3741 327 3821 Ritter,
344 3743 379 3804 0.
396 3745 415 3803 1.
431 3745 478 3813 lll,
495 3767 524 3825 p.
540 3749 710 3820 minnota,
727 3757 792 3815 coll.
808 3758 990 3834 Brandis,
1006 3758 1107 3818 Rbeiu.

175 3846 245 3906 llus.
290 3853 311 3918 l,
354 3853 402 3930 tv,
443 3875 473 3932 p.
509 3857 570 3917 264
597 3860 724 3923 innota.
771 3867 810 3946 (1)
833 3868 1000 3946 lrrterpretes
1028 3869 1111 3948 vulgo
