2602 4620
475 321 608 388 nst

96 505 214 592 stripe
235 501 456 587 madeant,
481 529 563 596 quae
584 505 770 592 hujumodi
792 507 872 578 dicti
902 514 1044 578 auctori·

98 622 193 684 utem
225 613 274 683 rel
306 616 386 681 tueri
421 614 470 682 vei
493 615 656 682 infirmare
679 618 823 710 possint,
856 621 1044 712 praefiscine

96 729 510 827 dixerim,‘controrersium
530 731 681 800 dirimens
694 757 770 800 non
796 733 931 811 videtur.
968 788 972 794 .

97 896 102 907 s
144 849 190 916 Ut
207 862 313 913 autem
336 849 375 914 air
397 849 472 939 ipsis
496 848 584 916 libris
613 847 659 915 de
692 850 824 925 Finibus
854 862 1042 937 ,anunente

98 981 206 1057 petam
229 982 338 1036 contra
361 962 558 1051 Madvigii
576 967 791 1052 sententiam
817 964 970 1057 quorsum
990 965 1043 1034 itta

98 1084 216 1151 mentio
234 1081 275 1150 de
296 1079 676 1149 Luculli-bibliotheca
695 1079 770 1169 (i),
792 1105 831 1150 eo
856 1082 950 1167 loco,
974 1106 1044 1172 quo

97 1222 176 1265 cam
192 1201 382 1280 Catone,
405 1195 1045 1275 Stoica·dcfendente‚-dasummob0no

99 1315 139 1380 sit
168 1313 408 1405 disputaturus?
449 1313 517 1395 Nisi
546 1314 581 1378 in
600 1337 659 1396 ea,
682 1312 731 1380 vel
749 1337 869 1382 novum
891 1336 1039 1404 pannum

98 1427 246 1496 adsutum
281 1427 463 1506 videamus.
487 1427 555 1511 rel,-
579 1427 670 1518 quod
695 1428 774 1501 mihi
799 1429 939 1520 quidem
952 1457 1038 1523 pso-

97 1542 230 1617 bebilius
253 1543 400 1628 videtur,
433 1544 670 1621 eemconsulto
690 1571 707 1637 a
731 1547 976 1632 Cicerone,
1009 1564 1045 1615 ut

18 1717 20 1722 .
100 1683 174 1729 cum
203 1659 341 1750 reliquae
375 1658 595 1749 disputationis
612 1676 783 1753 3nontextu
815 1638 899 1740 arcte
924 1661 1044 1731 cohae-

99 1790 176 1854 reat,
199 1774 445 1864 interpositam,
464 1774 566 1863 ethica
586 1775 683 1861 igitur
701 1776 844 1866 scripta,
869 1792 933 1857 tam
955 1777 1043 1865 Stoi.-

100 1910 210 1954 corum
237 1884 352 1970 libris,
380 1908 476 1978 quem
497 1886 765 1954 Aristotelis
788 1888 1056 1979 commentariis,

100 2024 181 2088 quae
226 2001 271 2067 ibi
308 2017 560 2084 commemorat,
607 2003 742 2068 maxime
778 1986 921 2094 spectata
935 1987 1047 2093 'luisse

99 2114 250 2184 dicemus.
317 2094 488 2206 Quorsum¹
512 2116 562 2182 illa
587 2114 777 2206 praedicatio
806 2121 960 2212 propositi
992 2119 1076 2184 sui.-

101 2214 387 2328 Aristotelem
421 2256 487 2299 non
511 2214 684 2319 enitendi,
719 2231 774 2299 sed
800 2233 883 2302 iocos
918 2250 1044 2302 tautum

105 2326 260 2440 quosdirm
295 2345 501 2441 transferendi
526 2347 596 2446 (2),
631 2350 671 2414 in
687 2345 752 2433 ''lris
776 2351 975 2441 potissimum
1001 2324 1045 2417 li'-

101 2465 188 2548 bris,
220 2464 255 2530 in
285 2463 401 2557 quibus
425 2464 545 2552 scripta
565 2464 635 2550 ejus
658 2462 739 2529 fama
762 2454 886 2531 tantum
904 2464 965 2534 sibi
988 2465 1043 2532 in-

102 2582 238 2648 notuisse
260 2579 405 2667 profiteri
432 2595 556 2646 coactus
579 2576 713 2645 fuisset?

148 2694 248 2786 Quod
283 2717 358 2760 vero
383 2685 424 2758 ad
452 2691 704 2775 Stahrium,
727 2691 869 2762 concedo
888 2717 964 2762 enm
983 2694 1038 2760 ni-

103 2812 162 2877 mis
194 2810 352 2878 curiosum
385 2805 477 2872 fuisse
511 2808 546 2871 in
576 2805 730 2873 similibus
762 2808 926 2897 utriusque
965 2807 1045 2877 iocis

104 2921 406 3019 deprehendendis,
440 2922 591 3016 idemque
625 2925 841 3012 Madvigio
864 2929 1036 3011 assentior,

104 3066 123 3108 e
152 3022 399 3111 Ciceronis
432 3041 559 3133 scriptis
589 3039 672 3108 effici
706 3063 820 3135 posse,
857 3063 931 3107 eum
949 3038 1046 3129 magis

104 3157 298 3226 reconditam
320 3135 633 3224 Aristoteliae
655 3153 817 3223 doctrinae
843 3172 966 3246 partem
979 3178 1046 3223 non

107 3273 308 3362 percepisse,
331 3296 391 3341 nec
408 3274 549 3363 scripta,
574 3287 656 3364 quae
680 3272 764 3342 hanc
773 3272 952 3342 doctrinam
964 3298 1046 3342 con·

108 3388 221 3470 tinent,
243 3387 369 3474 legisse3
394 3386 450 3454 sed
471 3387 568 3476 hujus
590 3391 709 3475 generis
731 3390 846 3482 scripte
859 3389 1046 3473 arctioribus

106 3501 257 3569 limitibus
289 3485 482 3569 includenda
516 3526 579 3570 esse
609 3505 733 3595 opinor.
780 3504 825 3571 Ut
867 3503 1047 3571 obscuriora

111 3634 184 3688 sunt
208 3639 416 3708 quaecunque
441 3616 482 3684 de
502 3617 722 3711 metaphysicis
742 3617 812 3707 (3),
836 3615 984 3711 physicis,
1009 3613 1049 3685 de

106 3792 308 3821 *⁸9⁸*-

153 3897 192 3970 (t)
215 3895 288 3974 disp.
311 3914 341 3957 n.
371 3915 400 3973 p.
429 3896 468 3954 57
491 3914 533 3975 sq.
581 3898 620 3976 (⁶2)
643 3899 714 3977 disp.
739 3919 765 3960 u.
782 3919 812 3977 p.
832 3899 902 3960 157.
946 3899 985 3978 (5)
1001 3899 1045 3962 ct.
