2602 4620
623 284 769 349 98.

171 462 240 542 mus
272 472 367 559 igitur
398 493 436 536 ex
458 467 628 554 hocloco,
662 467 702 533 ad
722 469 916 559 propositam
949 471 1114 559 quaestio·

172 612 246 656 nem
270 585 451 653 solvendam
475 585 622 666 maximi,
652 583 787 650 utmihi
813 582 946 672 quidem
969 584 1117 683 videtur,

175 704 352 785 momenti,
389 699 597 793 principalem
629 722 750 768 causam
768 699 866 788 hujus
884 703 985 787 gravis
1003 701 1116 769 laboris

78 843 82 849 ·
172 818 373 888 Ciceroni
402 817 517 899 fuisse,
550 813 659 905 quod,
692 839 768 883 eum
798 817 941 904 primum
972 816 1115 883 inlibris

172 938 232 1002 auia
252 934 295 1001 de
314 936 360 1000 tte
386 932 509 1024 publica
531 932 615 998 hanc
643 929 939 999 Aristoteliam
960 933 1113 1002 rationem

172 1073 249 1126 esset
273 1070 408 1134 secutus,
432 1078 516 1142 qua,
540 1050 725 1118 Platonis
747 1051 901 1140 exemplo,
926 1051 1023 1143 κωφὸν
1047 1058 1115 1142 ejus

173 1185 324 1272 πρόσωπον
345 1196 442 1256 asset,
477 1202 529 1247 eoa
555 1203 644 1246 nunc
675 1180 712 1243 in¹
731 1178 864 1245 formam
886 1180 1112 1265 efficaciorem,

133 1366 140 1387 ,
175 1298 411 1366 Aristoteli
447 1299 541 1384 magis
561 1297 770 1385 peculiarem,
793 1321 856 1390 qua
876 1322 984 1388 penes
1007 1307 1112 1391 ipsunt

176 1425 259 1481 esset
275 1416 505 1504 mummulus,
527 1411 682 1499 refingere
715 1428 957 1481 consectaretur.

223 1531 275 1602 Ad
295 1533 384 1600 hunc
416 1532 510 1620 igitur
535 1555 674 1615 morem,
699 1551 766 1622 quo
799 1534 959 1602 Cicero
995 1560 1114 1627 prore-

180 1652 276 1718 cticre
301 1647 430 1715 demum
455 1663 552 1715 aetate
576 1648 772 1739 potissimum
796 1648 871 1716 'usua
895 1650 1116 1736 ascendetur,

180 1790 252 1834 cum
271 1761 472 1831 'transeundi
503 1763 722 1856 opportunitas
752 1763 854 1830 oblata
884 1766 947 1849 sit,
981 1766 1060 1835 haec
1079 1792 1118 1834 ex

179 1885 246 1971 ejus
276 1882 315 1949 ad
350 1883 550 1949 Atticum
578 1880 626 1967 (l)
661 1880 800 1968 Epistola
831 1883 958 1968 verba,
1001 1887 1119 1976 quibus

180 1980 359 2092 utriusque
393 2002 520 2068 rationis
564 2000 735 2068 discrimen
784 2003 904 2088 egregie
938 2002 1117 2091 significat,

180 2126 408 2222 praemittenda
430 2151 494 2194 esse
516 2129 633 2195 censui.
679 2129 725 2194 Ut
748 2154 888 2213 „meum
914 2129 1007 2220 nupia
1022 2131 1119 2220 πρόσ-

182 2271 382 2337 decresset,
416 2255 477 2322 hoc
512 2254 544 2320 in
577 2240 714 2346 antiquis
747 2259 886 2348 personis
904 2261 1037 2326 suaviter
1058 2259 1120 2342 fit,

183 2386 219 2434 ut
229 2386 273 2443 et
295 2370 568 2442 Heraclides
560 2396 593 2436 ru
617 2370 743 2455 multis,
776 2390 811 2438 et
846 2399 975 2441 nossex
999 2374 1040 2440 de
1072 2378 1121 2445 Re

181 2478 329 2593 publica
349 2487 437 2554 libris
469 2486 609 2554 lecimus.
663 2486 748 2554 Sunt
777 2491 870 2554 etiam
901 2490 942 2556 de
983 2492 1122 2560 Oratore

181 2606 279 2704 nostri
306 2623 386 2686 tres,
411 2603 489 2669 mihi
510 2602 710 2671 vehementer
733 2607 868 2696 probati.
912 2608 1010 2674 Iners
1031 2634 1118 2701 quo·

182 2747 245 2812 quc
278 2745 329 2787 eae
364 2744 514 2809 personae
539 2736 633 2802 sunt,
659 2737 694 2786 ut
718 2709 798 2787 milri
820 2723 990 2790 tacendum
1012 2726 1118 2797 fucrit.

181 2834 362 2900 Crassus
382 2858 467 2900 enam
487 2834 646 2923 loquitur,
671 2837 911 2923 Antonius,
934 2840 1119 2910 Catulus

179 2973 294 3050 senex,
344 2950 382 3018 C.
415 2950 580 3032 Julius,
617 2950 713 3017 frater
747 2955 916 3038 Catuli,
956 2958 1118 3045 Cotta,
1174 3004 1177 3011 -

181 3060 423 3154 Sulpicius.
469 3064 570 3130 Puero
590 3088 640 3130 me
664 3064 717 3132 hic
738 3089 840 3134 sermo
862 3067 1049 3174 inducitur,
1082 3094 1120 3143 ut

180 3165 282 3295 pullae
319 3207 381 3248 essa
412 3200 540 3275 possent
564 3200 668 3272 partes
690 3208 785 3254 meae.
829 3188 920 3277 Quae
939 3170 1045 3259 autem
1070 3192 1119 3260 his

182 3300 375 3389 temporibus
384 3325 517 3394 scupsr,
541 3297 753 3393 'Aptrcrrlcror
777 3331 898 3379 morem
922 3311 1045 3382 habeut
1058 3314 1121 3407 (2),

225 3564 265 3640 (l)
287 3564 307 3622 l.
337 3563 417 3649 utut,-
443 3563 497 3642 Ep.
530 3565 578 3623 ts.
624 3566 662 3643 θ)
685 3569 725 3627 lta
749 3568 821 3648 legg.
846 3590 898 3648 pro
915 3562 1126 3654 'vulgatosignu

184 3674 264 3732 colon
288 3691 338 3730 seu
363 3674 533 3748 serrticolou,
557 3674 601 3732 vel
629 3694 680 3751 pro
709 3679 906 3759 interroqurtdi
926 3682 1023 3761 siguo,
1047 3687 1125 3762 quod

165 3770 377 3839 'Ernesaius
398 3782 532 3860 reposuit.
577 3783 665 3844 Video
683 3786 741 3865 jam
762 3802 825 3849 aute
853 3809 898 3850 me
934 3792 1005 3852 hunc
1031 3793 1126 3854 locum

184 3886 222 3944 itu
247 3887 407 3946 emendasse
442 3888 653 3950 Gdreuzium
697 3896 731 3954 ad
773 3888 905 3960 cicae
933 3894 1124 3964 Fiuintrod·
