2602 4620
448 303 449 306 κ
548 265 613 337 2⁰7

129 445 169 513 de
195 447 359 527 hominum
377 448 511 515 vanitate
536 464 632 538 atque
652 448 833 518 infelicitate
856 449 999 535 dixisset,
1020 478 1059 523 ex

130 565 247 654 quibus
269 565 436 645 humanae,
455 565 581 655 inquit,
605 565 867 650 vitaeerroribus,
885 572 1065 635 ‘etaerum-

133 681 180 745 uis
214 679 277 763 fit,
313 696 349 746 ut
381 679 544 747 interdum
567 697 683 749 veteres
701 680 746 748 illi
766 682 829 748 sive
851 699 932 748 vates
950 685 1014 750 sive
1036 686 1070 749 in

28 846 31 851 a
133 797 225 863 sacris
254 797 415 884 initiisque
441 794 601 866 tradendis
630 795 754 865 divinae
774 798 887 865 mentis
909 799 1070 888 interpre-

29 916 33 925 '
137 928 201 992 tes,
226 912 281 1002 qui
307 937 363 979 uos
388 914 430 979 ob
453 912 557 1004 aliqua
575 912 688 980 scelera
709 930 850 1002 suscepta
871 915 905 978 in
928 915 989 980 vita
1013 936 1071 979 su·

138 1029 279 1120 periore,
323 1051 498 1119 poenarum
529 1025 718 1095 luendarum
751 1051 839 1095 causa
879 1043 969 1095 natos
1008 1049 1072 1093 csse
1151 1056 1154 1064 ·

136 1142 309 1223 dixerunt,
343 1141 464 1232 aliquid
500 1140 608 1210 vidisse
630 1141 818 1225 videantur,
842 1165 1014 1233 verumque
1032 1143 1073 1207 sit

141 1257 231 1339 illud,
256 1256 343 1347 quod
366 1275 412 1323 cst
432 1258 517 1349 apud
533 1259 824 1339 Aristotelem,
846 1257 935 1325 simili
956 1282 1011 1324 nos
1021 1257 1073 1321 af-

139 1374 236 1449 scctos
267 1395 329 1439 esse
361 1375 538 1466 supplicio,
575 1392 670 1465 atque
703 1399 774 1455 eos,
808 1375 865 1463 qui
890 1370 1073 1462 quondam,

141 1515 242 1578 quum
277 1491 311 1555 in
345 1488 543 1582 praedonum
581 1491 787 1557 Etruscorum
814 1511 926 1552 nunus
941 1483 1097 1552 incidie·

141 1621 234 1685 sent,
270 1603 453 1670 crudelitate
483 1605 654 1689 excogitata
686 1604 901 1668 necabantur:
939 1625 1077 1689 quornm

142 1742 271 1808 corpora
295 1718 362 1783 viva
387 1743 460 1785 cnm
480 1718 633 1800 mortuis,
656 1715 782 1785 adversa
799 1714 933 1784 adversis
946 1739 1076 1783 accom-

141 1832 285 1918 modata,
310 1858 408 1923 quam
430 1834 588 1922 aptissime
612 1832 855 1920 colligabantur:
889 1833 934 1898 sic
957 1847 1077 1899 nostros

142 1952 261 2017 animos
293 1974 368 2017 cum
397 1951 583 2038 corporibus
611 1946 793 2042 copulatos,
830 1964 866 2012 ut
897 1947 1078 2014 vivescens

142 2066 273 2132 mortuis
302 2087 365 2130 csse
399 2064 708 2150 conjunctos’tsa
739 2066 770 2130 N
778 2064 876 2129 onio
906 2061 955 2151 (l)
994 2060 1076 2127 alte·

141 2205 233 2249 rum:
258 2177 371 2265 „Vidit
394 2180 499 2262 enim,
523 2177 613 2268 quod
638 2176 812 2245 videndum
836 2176 918 2260 fuit,
948 2200 1076 2268 appen-

142 2290 246 2360 dicem
293 2295 389 2359 animi
417 2316 479 2357 esse
516 2315 661 2380 corpus,
705 2291 850 2380 nihilque
886 2315 949 2358 esse
978 2294 1012 2357 iu
1040 2315 1079 2356 eo

143 2407 328 2492 magnum’'.

443 2638 808 2654 ——a——n———a-

191 2864 248 2930 His
270 2887 330 2953 pro
349 2863 468 2950 viribus
491 2860 686 2954 respondisse
704 2861 787 2928 mihi
808 2861 967 2930 videorad
980 2889 1082 2954 quae-

147 2979 300 3060 stionem,
329 3004 347 3042 a
381 2975 648 3043 Nobilissima
680 2977 776 3063 hujus
800 2976 985 3046 Academiae
1010 2982 1083 3046 Fa-

148 3096 306 3165 cultatc
327 3094 623 3186 Philosophiae
646 3094 924 3163 Theorcticae
949 3113 987 3163 ct
1013 3099 1082 3165 Li·

151 3226 333 3276 terarum
354 3211 653 3278 Humaniorum
675 3208 715 3277 ad
736 3214 1084 3285 annumMDCCCXL

150 3326 364 3417 propositams
404 3306 495 3405 Quid
519 3331 660 3392 maxime
692 3328 845 3394 Cicero
869 3329 1083 3395 Aristote-

150 3442 179 3507 li
216 3446 253 3506 in
296 3439 510 3529 Philosophia
541 3443 721 3509 tractanda
763 3443 971 3530 colendusque
1004 3443 1084 3507 lite·

151 3561 200 3620 ris
219 3555 376 3622 debuerit.
399 3555 437 3619 ln
461 3556 581 3644 quibus
601 3555 815 3644 dijudicandis
834 3559 903 3624 L'L.
927 3560 963 3627 B.
986 3580 1026 3623 ne
1042 3555 1083 3622 ad

200 3837 240 3913 (l)
263 3853 332 3897 voce
353 3837 499 3913 Appendix
527 3857 557 3914 p.
582 3839 634 3895 ts.
