2602 4620
609 272 654 339 72

173 475 226 527 tue
260 457 320 545 (l).
373 460 459 527 Cum
491 476 596 529 autem
629 462 688 527 tria
710 463 773 528 aiut
791 485 904 549 genera
926 461 1118 532 auditorum

171 580 366 658 ὰιλησιαςὴς
409 581 493 675 (περὶ
534 592 591 651 τῶν
622 585 784 673 μελλοντῶν
822 580 976 676 κρίνων),
1017 613 1120 678 xpum

173 694 260 797 (περὶ
298 692 360 771 ’τῶν
396 698 610 797 γεγενημένων)
632 728 665 778 et
686 707 786 799 θεωρὸς
821 708 906 797 (περὶ
933 721 985 786 τῆς
1016 709 1118 778 δυνά·

174 822 292 920 μιως);
318 832 375 899 triu
398 855 555 925 quoque,·
575 849 612 899 ut
629 836 697 921 jam
715 834 823 899 monui
837 833 899 922 (2),
913 836 1119 925 pomitera-

178 956 302 1025 tlonum
334 979 467 1044 genera,
503 958 534 1026 τὸ
552 956 793 1047 συμβουλευτικὸν
799 1009 811 1045 ‚
838 957 871 1025 τὸ
889 955 1060 1047 δικανικὸν,
1087 960 1121 1027 τὸ

177 1072 368 1146 ἱπιδιικτινόν
416 1077 476 1169 (3).
522 1083 606 1148 Haec
640 1079 878 1170 praemonenda
907 1105 970 1148 etue
1013 1080 1121 1164 duxi,

177 1207 214 1261 ut
232 1196 463 1288 computatione
478 1197 639 1280 instituta,
663 1195 997 1265 Aristoteliorum
1018 1219 1120 1288 prae-

178 1322 344 1401 ceptorum
392 1310 436 1373 vis
468 1310 500 1373 in
530 1310 728 1376 Cicerone
762 1327 882 1378 oratore
917 1311 1014 1397 magis
1046 1309 1120 1377 elu-

179 1438 256 1493 ceat.
931 1496 934 1502 ,

226 1540 388 1624 Cicero,
435 1524 683 1633 philoeophandi
728 1542 891 1616 scientiam
941 1540 1122 1609 concedens

182 1654 304 1740 multis,
328 1653 416 1747 quud
437 1672 484 1723 est
507 1656 634 1723 oratoris
648 1659 839 1750 proprium,
875 1672 967 1749 apte,
998 1653 1121 1722 distin-

181 1778 255 1860 ete,
278 1786 385 1841 ornate
408 1769 534 1855 dicere,
567 1773 599 1837 in
626 1796 691 1862 quo
710 1770 814 1839 studio
823 1787 953 1838 aetatem
966 1795 1120 1839 consum-

182 1904 284 1973 terat,
306 1888 366 1955 tlbl
396 1909 553 1953 assumens
577 1884 647 1974 (l),
672 1910 737 1952 non
763 1910 800 1952 ex
825 1887 992 1982 rhetorum
1012 1886 1121 1955 offiei-

184 2004 249 2089 nis,
273 1998 329 2069 aad
351 2023 388 2067 ex
411 2000 512 2067 media
537 1998 736 2090 philosophia
758 2001 939 2092 profectus,
960 2001 1121 2092 eloquen-

178 2118 258 2184 'tlam
291 2136 422 2206 quoque
456 2130 551 2183 totam
580 2139 617 2181 ex
655 2116 813 2185 dialectica
834 2116 927 2184 duxit
959 2136 992 2185 et
1023 2118 1122 2184 Ari-

186 2231 345 2300 atotelia
380 2232 564 2298 sententiam
579 2281 598 2310 ‚.
623 2256 719 2320 quam
742 2232 839 2300 modo
862 2233 970 2316 attuli,
989 2230 1123 2300 'summis

184 2346 330 2417 laudibus
354 2344 531 2415 celebravit:
559 2348 667 2430 „Esse
690 2348 784 2434 igitur
804 2349 943 2440 perfecte
963 2347 1121 2442 eloquen-

188 2466 227 2533 tie
262 2479 362 2556 putu,
404 2485 470 2529 non
505 2486 570 2557 eum
604 2462 706 2529 solum
757 2462 938 2530 facultatem
982 2463 1123 2548 habere,

179 2588 270 2676 'quae
298 2582 337 2650 tit
356 2582 423 2668 ejus
445 2580 596 2671 propria,
632 2579 700 2646 fuse
734 2579 858 2672 lateque
892 2579 1044 2681 dicendi,
1068 2579 1124 2646 sed

187 2699 280 2767 etlam
301 2696 437 2765 vicinam
471 2697 561 2781 ejus,
588 2709 684 2783 atque
713 2692 905 2779 finitimam,
939 2695 1124 2764 dialectieo·

186 2837 260 2881 rum
291 2813 452 2880 seientiam
482 2834 647 2877 assumere.
693 2812 898 2902 Quamquam
920 2812 1004 2879 aliud
1029 2813 1125 2881 vide·

190 2948 243 3001 tur
281 2932 379 2999 oratio
402 2953 484 3014 esse,
518 2927 602 2995 allud
625 2928 820 3023 disputati03
847 2956 907 2999 nee
927 2929 1011 2996 idem
1035 2928 1130 3021 loqui

191 3073 279 3133 ease,
302 3046 390 3141 quod
415 3043 534 3114 dicere:
562 3059 697 3110 attamen
722 3060 895 3137 utrumque
912 3045 945 3110 in
962 3041 1127 3110 disseren-

191 3162 234 3231 do
267 3178 321 3229 est.
365 3158 556 3254 Disputautli
594 3160 692 3245 ratio,
729 3174 760 3224 et
783 3156 953 3247 loquendi,
980 3154 1125 3223 dialecti-

191 3301 301 3346 corum
325 3278 385 3344 sita
419 3293 577 3343 oratorum
614 3290 738 3358 autem,
771 3271 898 3341 dicendi
926 3290 958 3338 et
979 3269 1127 3355 ornandi.

188 3459 392 3479 m

232 3572 272 3648 (ι)
295 3528 337 3631 ιι.
377 3568 400 3639 ι,
438 3568 468 3643 a,
495 3586 524 3645 p.
554 3564 643 3639 1556,
673 3585 699 3623 a.
735 3567 749 3623 ι
772 3583 833 3643 sqq.
860 3565 919 3642 u)
942 3564 1016 3643 usp.
1044 3583 1073 3622 l.
1098 3583 1128 3642 p.

169 3682 242 3742 ut.
287 3682 328 3756 (a)
350 3680 432 3740 uhu.
462 3678 484 3752 ι,
515 3678 534 3734 a
559 3675 618 3735 uu.
635 3672 692 3733 u.
716 3673 768 3733 ιι.
791 3676 834 3734 u,
865 3695 940 3735 -van
965 3676 1127 3752 nausea,

190 3786 529 3852 thephellath,
562 3785 596 3858 ιι,
628 3803 655 3860 p.
693 3782 761 3855 tea,
807 3782 874 3842 ιιι.
921 3784 960 3860 (ι)
993 3784 1028 3845 ae
1068 3782 1127 3843 uu.

191 3897 214 3971 t,
245 3898 272 3955 ι.
