2602 4620
608 311 678 379 'lta

193 514 285 566 entus
309 496 365 585 sit.
410 495 482 560 Pari
512 494 628 580 ingenii
649 493 793 560 acumine
813 493 848 558 in
871 491 960 559 libris
979 492 1043 559 suis
1066 499 1132 563 Po-

191 611 281 679 liticis
317 611 413 679 varias
440 609 680 698 legumlatorum
707 609 901 686 sententias,
950 610 1130 700 Spartano·

190 750 285 810 rum,
318 727 537 810 Cretensium,
573 724 899 812 Carthaginiensium,
944 725 1131 793 Athenien*

190 841 270 909 sium
288 864 395 908 rerum
417 840 619 933 publicarum
642 840 775 925 formas,
805 841 974 907 contrarias
1003 839 1045 907 de
1076 866 1131 908 re·

190 981 255 1044 gno
285 959 459 1048 ceterisque
484 958 520 1023 iu
548 958 671 1025 civitate
693 957 970 1025 constitutionibus
994 973 1129 1024 senten·

191 1074 247 1139 tias
269 1073 379 1142 critico
398 1073 535 1140 examini
556 1074 702 1161 subjecit.

234 1187 282 1253 Ut
303 1186 405 1254 obiter
428 1209 597 1270 moneam,
626 1187 752 1255 criticae
771 1186 1053 1276 Peripateticorum
1074 1184 1129 1254 di-

190 1298 388 1393 ffinisitionea
423 1326 462 1370 ex
492 1302 553 1370 hac
584 1301 739 1393 praeclara
773 1299 915 1369 doctrina
940 1299 1131 1390 prodierunt

161 1417 365 1510 'permultae
394 1417 469 1510 (l),
502 1420 544 1486 ita
565 1419 828 1488 Heraclides
857 1419 1067 1487 Ponticus
1090 1420 1131 1488 de

190 1535 288 1604 sebur
320 1535 498 1628 puhlicis„
519 1536 715 1605 Phanias
748 1534 791 1603 de
822 1536 950 1615 historia
983 1537 1129 1628 philoso-

190 1651 418 1744 phiae·(2.)‚
469 1652 770 1724 Dicaearchus
809 1666 842 1717 et
877 1654 1128 1719 Demetrius

189 1746 441 1845 Phalereus
460 1768 502 1838 de
525 1771 668 1858 gentium
689 1768 815 1836 historia
837 1769 1044 1861 scripserunt.

230 1886 272 1953 In
284 1903 370 1954 tanta
378 1885 627 1975 fragmentorum
637 1886 764 1975 inopia,
777 1884 919 1977 quamvis
931 1884 964 1949 in
977 1883 1039 1952 hae
1051 1885 1128 1952 item

191 2017 315 2069 normae
354 2001 580 2092 disquisitionis
611 2017 702 2093 parte
734 2024 860 2088 magnas
899 2000 993 2068 fuisse
1022 2000 1129 2069 laudes

188 2119 443 2187 Aristotelis
476 2134 648 2212 appareat,
671 2144 733 2187 nec
754 2117 856 2186 studia
880 2121 947 2206 ejus
980 2120 1127 2187 historica

188 2259 262 2303 cum
276 2234 430 2303 historicis
442 2235 470 2301 C
480 2235 519 2304 ie
532 2257 549 2299 e
560 2259 576 2298 r
586 2259 605 2302 o
615 2258 637 2301 n
648 2235 681 2300 is
706 2236 844 2327 scriptis,
856 2235 890 2300 in
903 2236 1021 2326 quihus
1032 2237 1128 2303 unice

188 2336 462 2423 Aristotelis
496 2352 657 2441 pigmenta
691 2350 740 2440 (3)
763 2349 957 2434 laudantur,
978 2374 1039 2418 uec
1059 2353 1127 2439 ejus

186 2494 269 2563 opus
293 2469 334 2538 de
358 2470 485 2538 historia
513 2469 751 2562 philosophiae,
774 2472 864 2557 eujus
899 2492 970 2557 pars
1000 2484 1128 2534 tantum

189 2595 332 2672 superest
355 2581 389 2648 in
413 2581 497 2650 libro
522 2578 563 2649 de
584 2582 891 2674 Xenophane,
923 2581 963 2649 de
994 2585 1125 2651 Zeno·

187 2721 264 2780 ne,
300 2694 342 2762 de
373 2696 538 2783 Gorgia
571 2695 643 2784 (4),
675 2721 751 2764 cum
785 2698 1032 2766 Hortensio
1064 2701 1126 2767 sive

187 2944 259 3006 form
287 2943 362 3022 sort,
385 2943 492 3005 welche
522 2944 568 3007 die
592 2946 744 3026 wenigsten
772 2948 860 3010 Uebel
883 2948 934 3012 sur.
945 2949 1027 3029 jedes
1042 2968 1127 3028 gege-

185 3056 260 3135 ¹bene
298 3055 370 3117 Vollr
408 3053 564 3133 uberhaupt
582 3055 673 3116 haben
697 3055 841 3117 morhte.''
884 3058 923 3134 (l)
946 3033 1068 3118 della.
1088 3059 1125 3134 V,

188 3165 222 3230 3.
264 3164 304 3242 (ἢ)
340 3164 516 3241 Brfielter,
547 3163 583 3225 0.
616 3167 637 3226 l.
672 3167 694 3233 l,
716 3186 747 3244 p.
772 3166 851 3234 857,
879 3165 1003 3234 Stahr,
1025 3166 1062 3242 ll,
1094 3189 1126 3246 p.

188 3271 240 3334 81.
285 3273 325 3350 (5)
356 3272 391 3332 ad
424 3272 498 3333 au.
542 3273 578 3342 11,
613 3274 668 3353 Ep.
702 3277 730 3334 l.
776 3276 815 3352 (l)
837 3275 892 3335 le.
912 3275 971 3335 Ph.
998 3276 1032 3338 G.
1057 3296 1127 3336 van

185 3383 344 3450 lleusde,
379 3380 463 3442 Char.
501 3401 532 3461 p.
578 3383 646 3459 lar,
685 3383 747 3444 255
783 3397 812 3444 et
847 3385 920 3446 Ans.
949 3386 1125 3464 lacques,

185 3493 346 3556 Aristote
367 3492 513 3553 considere
531 3510 639 3552 comme
661 3493 794 3554 historien
815 3495 851 3556 de
876 3495 903 3555 la
931 3494 1125 3575 philosophie,

185 3604 319 3678 Paris,
357 3602 461 3676 18573
498 3601 664 3680 Krische,
708 3602 790 3665 0.1.
821 3626 852 3684 p.
881 3606 932 3683 89,
965 3607 1020 3667 hoc
1053 3609 1129 3686 frag-

185 3729 308 3778 mentum
350 3732 421 3792 opus
454 3716 666 3795 ὑπομνηματικὸν
703 3715 787 3794 luisse
832 3730 910 3796 putat
937 3736 950 3802 3,
997 3717 1125 3796 equidem

186 3821 376 3884 acroamatieis
408 3838 557 3881 accensere
590 3833 619 3882 et
652 3843 703 3903 pro
732 3837 811 3904 parte
840 3825 953 3906 majoris
975 3825 1065 3905 operis
1087 3826 1124 3887 de

184 3930 360 4009 Philosophia
387 3930 489 3992 hahere
513 3931 616 3993 malim.
