2602 4620
609 279 670 348 157

175 464 421 532 mediocritatem
452 460 536 528 illam
549 512 560 545 ,
608 488 687 554 quae
718 481 764 529 est
796 468 878 532 inter
912 468 1044 534 nimium
1073 481 1107 535 et

113 594 117 600 “
174 597 299 670 parum,
328 581 467 647 maxime
480 581 626 672 probavit
644 578 716 668 (i),
740 586 899 674 magisque
917 582 1102 671 dijudican-

176 697 222 762 dis
241 715 272 762 et
292 693 482 762 adhibendis
504 695 634 762 aliorum
653 697 789 762 inventis
807 721 905 786 quam
927 698 1107 784 indagando

176 822 212 878 ac'
234 813 354 902 placitis
378 808 549 880 condendis
569 811 715 879 inclaruit
736 809 795 900 (2).
841 812 994 902 Qnarnvis
1014 815 1108 898 igitur

178 927 389 994 Ciceronis
419 923 524 992 landes
557 929 594 993 in
621 925 680 993 hnc
709 930 775 1014 ejus
808 926 986 994 studiorum
1017 945 1110 1019 parte

178 1045 317 1110 oratoriis
337 1042 428 1128 longe
439 1040 607 1126 cederent,
628 1043 1109 1135 antiquorum-tamenphiloso·

178 1161 319 1250 phorum
351 1159 463 1249 placita
498 1182 563 1225 non
597 1158 697 1224 servili
733 1157 828 1225 modo
848 1162 1025 1240 convertit,
1049 1184 1108 1227 eo·

178 1298 315 1363 rumque
344 1276 516 1366 interpres,
551 1275 671 1360 saepius
692 1297 784 1339 sunm
808 1275 900 1340 etiam
927 1273 1107 1363 judicium,

179 1415 265 1455 suam
298 1387 469 1455 disserendi
500 1405 548 1454 et*
563 1387 763 1474 intelligendi,
784 1392 937 1461 rationem
977 1393 1024 1456 iis*
1044 1390 1107 1458 nd-

176 1508 303 1593 junxit:
349 1505 408 1588 „Si
440 1504 533 1592 plane
553 1505 598 1570 sic
622 1520 774 1571 verterem
797 1505 1019 1587 Platonem,
1054 1523 1110 1571 ant

161 1610 470 1700 uAristotelem,
503 1636 540 1684 ut
569 1637 732 1685 verterunt
755 1622 854 1686 nostri
876 1631 987 1711 poetae
1010 1623 1110 1688 fabu-

86 1776 89 1791 ι
179 1739 243 1817 las,
278 1736 375 1818 male,
408 1734 522 1815 credo,
551 1757 687 1799 mererer
707 1734 844 1801 de‘meis
863 1737 1002 1817 civibus,
1023 1739 1048 1803 ei
1070 1737 1112 1804 ad

179 1878 287 1920 eorum
319 1852 528 1938 cognitionem
549 1847 655 1916 divina
671 1850 720 1916 illa
741 1851 1112 1936 ingeniaetransserrem!

180 1971 233 2038 sed
256 1971 289 2036 id
316 1993 419 2058 neque
438 1967 499 2034 feci
518 1965 642 2050 adhuc,
669 1991 729 2034 nec
752 1968 831 2033 mihi
853 1985 976 2050 tamen,
1001 1994 1041 2035 ne
1057 1974 1109 2036 ia-

180 2092 279 2168 ciam,
310 2086 515 2153 interdictum
545 2099 634 2172 puto.
679 2088 779 2150 Locos
803 2083 934 2174 quidem
958 2084 1112 2175 quosdam

79 2198 82 2207 ’
182 2209 206 2272 si
237 2205 413 2287 videbitur,
451 2203 653 2285 transferam,
681 2219 714 2268 et
733 2203 865 2269 maxime
889 2204 929 2267 ab
952 2205 1004 2285 iis,
1033 2229 1113 2292 quos

183 2321 278 2388 modo
309 2320 489 2402 nominavi,
524 2342 626 2406 quum
649 2314 814 2399 inciderit,
838 2333 874 2380 nt
901 2315 934 2380 id
953 2335 1026 2405 apte
1043 2318 1113 2384 [ieri

185 2439 302 2527 possit’'
336 2434 395 2522 (3)
623 2523 625 2527 Ι

230 2559 299 2624 Hoc
331 2571 436 2620 nutem
469 2548 558 2630 loeo,
591 2545 713 2613 silentio
741 2548 910 2636 praeterire
938 2548 1114 2632 nonlicet,

187 2696 266 2764 quae
289 2693 393 2759 nuper
426 2686 567 2730 summus
587 2660 816 2748 Madvigius
836 2661 1022 2732 contendit:
1047 2666 1113 2731 Ci-

186 2811 371 2858 ceronem
401 2778 639 2849 Aristotelis
673 2776 938 2845 Nicomachea
973 2784 1112 2847 norale-

182 2912 282 2997 gc'sse.
328 2901 394 2967 Etsi
426 2894 512 2963 haud
533 2918 645 2980 negem
667 2894 701 2959 in
723 2893 782 2959 hac
802 2895 998 2984 potissimum
1021 2895 1117 2982 hujns

186 3021 409 3116 disquisitionis
431 3032 519 3110 parte
540 3014 667 3079 summis
689 3010 924 3078 difficultatibus
935 3014 1014 3079 mihi
1026 3015 1118 3081 fuisse

187 3137 457 3216 conflictandum,
504 3127 767 3220 quandoquidem
799 3127 986 3219 pierumque
1008 3133 1118 3220 *verbis

187 3259 280 3341 magis
309 3277 404 3341 quem
425 3275 459 3315 re
471 3245 642 3313 dissideant
663 3243 854 3327 Platonis,
881 3246 1117 3314 Aristotelis

188 3389 218 3436 et
237 3372 415 3437 Stoicorum
437 3362 571 3452 placita3
597 3360 632 3424 hi
657 3358 753 3444 adeo,
779 3384 916 3448 quorum
925 3362 1043 3448 scripta
1054 3361 1119 3426 fere

185 3546 398 3562 Μ

197 3726 201 3733 ἱ
231 3654 271 3729 (i)
293 3648 381 3708 Acnd.
401 3647 436 3722 lt,
461 3646 512 3721 44,
544 3645 595 3718 45,
620 3644 655 3702 de
676 3639 730 3700 Off.
753 3642 776 3716 l,
795 3641 845 3704 45,
890 3639 1080 3719 (2)dechg.
1099 3643 1120 3708 1,

192 3765 240 3839 44,
272 3761 306 3820 dc
336 3758 388 3817 Off.
416 3756 463 3832 tlt,
492 3755 522 3830 4,
548 3753 600 3811 48.
626 3752 665 3829 (3)
694 3752 728 3808 do
754 3750 816 3808 rin.
840 3749 861 3814 1,
876 3749 906 3807 5.
923 3747 1120 3819 cessati,

191 3871 224 3938 tl,
244 3890 274 3947 p.
301 3869 358 3928 445
387 3877 452 3928 nota
479 3864 510 3940 4,
538 3860 726 3935 liuohner,
755 3857 791 3917 0.
820 3857 840 3917 i.
863 3877 894 3936 p.
915 3856 1047 3919 89-94.
