2602 4620
269 660 649 796 oltoulttrlolds
676 658 1003 780 contractus.

533 921 771 954 «Θοῶ-

412 1076 833 1170 ‘rnodnnrun

227 1285 317 1366 Unde
357 1315 448 1363 tantae
473 1301 687 1363 Aristotelis
707 1302 804 1362 laudes
827 1314 957 1380 tantaque
981 1303 1104 1364 admira-

176 1391 215 1451 tio
244 1387 316 1466 apud
339 1385 578 1445 Ciceronem?
619 1382 748 1443 Condicio
773 1383 845 1442 illius
856 1384 1019 1462 scriptorum
1034 1405 1104 1445 nos-

175 1472 225 1531 tris
252 1467 433 1546 temporibus.
455 1466 497 1526 be
520 1484 617 1526 eorum
635 1464 768 1524 divisione
792 1465 952 1532 dissensus,
975 1485 1038 1526 cum
1057 1469 1104 1525 in-

175 1566 218 1612 ter
240 1551 387 1628 antiquos,
410 1561 468 1608 tum
492 1547 564 1606 inter
584 1547 763 1606 recentiores.
790 1546 978 1624 blindicantur
997 1548 1105 1616 Staba-

175 1634 237 1707 rii,
272 1629 425 1703 Ritteri,
474 1627 642 1704 Madvigii
688 1626 850 1688 sententiae.
919 1628 1024 1689 Vocum
1054 1642 1106 1690 τῶν

177 1719 330 1792 ἐξωτερικῶν
362 1721 391 1768 et
423 1722 474 1770 τῶν
507 1715 667 1788 &spectanda
688 1712 771 1786 λόγων
790 1709 979 1785 interpretatio
1005 1728 1107 1789 propb-

176 1794 260 1852 nitur.
304 1789 514 1849 aristotelis
544 1786 684 1847 doctrinae
719 1788 838 1848 ambitus
863 1790 1016 1869 ingeniique
1055 1809 1108 1851 co·

175 1875 222 1952 Pia
225 1909 933 1933 ······················································
936 1892 966 1951 p.
993 1872 1104 1933 l-aa.

569 2003 709 2046 ..φ-

509 2121 711 2191 CAPUT
746 2125 769 2183 l.

273 2308 372 2359 comus
393 2303 663 2346 orronrunurnrmus
684 2304 814 2345 cumanus
828 2297 1012 2349 'snrsrorrnrs

473 2390 587 2454 suasori
606 2411 811 2455 muoruurunr.

220 2534 348 2592 Cicero
370 2531 436 2608 quid
463 2547 514 2606 per
542 2540 629 2587 totam
653 2529 736 2588 vitam
750 2531 880 2607 spectarit
891 2531 1020 2593 maxime?
1045 2534 1112 2595 An.

180 2614 302 2674 tonius
334 2625 363 2670 et
386 2610 553 2669 Crassus.
597 2609 737 2685 Uterque,
760 2611 893 2688 imprimis
914 2632 981 2673 vero
1005 2616 1109 2677 Anto-

180 2697 279 2771 nius,
314 2693 341 2751 in
373 2691 553 2752 Cicerone
570 2691 672 2769 juvenc
701 2692 943 2755 Aristoteliac
967 2698 1114 2763 doctrinae.

181 2777 269 2837 studia
287 2774 423 2854 provexit.
448 2774 593 2833 Antonii
617 2773 726 2832 libellus
746 2773 966 2837 delatratione.
991 2780 1110 2843 Crassi

179 2857 380 2927 commentandi
409 2855 589 2930 exercitatio,
615 2874 697 2933 quam
711 2875 778 2933 prae
792 2859 892 2917 ceteris
905 2859 1033 2921 Cicero
1045 2863 1111 2925 iata

178 2952 250 3000 tatus
275 2951 328 2998 est.
352 2937 447 2997 Simile
471 2937 673 2996 commentandi
700 2937 818 2997 studium
843 2939 871 2998 in
891 2941 1110 3007 Aristotelis
1175 2944 1181 2955 ⁸
1206 2976 1213 2987 ·

179 3021 297 3099 scriptis.
320 3017 486 3090 Quintum
500 3018 628 3093 fratrem,
640 3018 679 3077 M.
693 3018 839 3096 Pupium
854 3021 1018 3084 Pisonem
1035 3024 1111 3087 cal-

180 3102 409 3180 purnianum,
429 3099 548 3160 maxime
562 3118 629 3160 uero
647 3099 680 3158 T.
697 3098 1108 3178 Pomponinmdtticum,

180 3184 325 3258 Cicero,
350 3195 405 3242 mm
424 3181 624 3263 familiaritate,
647 3200 730 3260 quam
748 3183 900 3244 studiomm
921 3189 1112 3253 communione

180 3265 232 3324 sibi
256 3264 396 3336 devinxit3
419 3263 587 3341 Cratippi
608 3281 675 3323 vero
699 3263 874 3343 Peripatetici
897 3266 987 3330 lautos·
1000 3264 1112 3331 unun’ur

181 3345 277 3422 paucis
305 3345 418 3404 exstitit.
451 3345 697 3422 Peripateticomm
718 3345 860 3407 doctrinae
888 3349 1009 3408 conditio
1038 3353 1112 3428 apud

181 3419 330 3487 Romanos.
355 3425 485 3501 dttici,
510 3426 676 3502 Luculli,
703 3425 825 3486 Sullae
846 3429 1040 3490 bibliothecae.
1062 3433 1114 3492 oi-

178 3507 317 3586 judicatur
350 3505 542 3566 Strabonis
576 3509 706 3568 narratio.
764 3508 935 3576 dilemntur⁴
955 3527 1113 3588 argumenta

181 3608 252 3667 quae
273 3586 390 3648 maxime
413 3606 474 3647 eam
502 3589 638 3648 infirmare
663 3590 799 3668 videntur.
831 3589 974 3651 Relutatur
995 3594 1114 3674 objectio

183 3691 199 3730 a
226 3668 405 3747 Madvigio
427 3670 569 3748 proposita
593 3671 628 3730 ad
653 3668 838 3728 Ciceronis
862 3673 961 3733 verba:
984 3679 1059 3754 quod
1082 3680 1114 3739 in

183 3752 394 3814 cononentcriis
417 3751 950 3835 reliquerunt..........·...·...··..··.·p.
979 3759 1112 3821 aa-ts.

575 3897 724 3936 «ιο-
