2602 4620
617 244 662 326 ts'

176 460 273 527 quam
313 454 348 504 ut
388 439 416 504 ei
450 437 604 506 continuo
633 435 791 525 suffragani
820 441 957 527 posslm3
994 442 1107 507 nititur

176 554 260 618 enim
286 555 448 643 supposita
474 551 718 620 Alexandri
745 554 784 621 ad
815 556 1105 624 Aristotelem

175 667 314 759 Epistola
339 668 399 757 (l).

219 783 369 851 Buhlii
398 784 593 875 aliorumque
621 762 834 877 interpretum
867 790 1052 869 sententias,
1090 815 1108 854 a

177 893 362 964 Stahrio
389 901 458 985 jam
486 902 573 986 justo
597 900 700 989 pretio
735 902 928 984 aestimatas,
960 917 1104 993 praeter·

177 1012 292 1091 mitto,
318 1029 352 1078 ut
372 1011 413 1079 ad
435 1016 658 1095 recentissimas
684 1016 850 1082 Ritteri
872 1033 905 1082 et
931 1014 1106 1083 Madvi-

176 1128 237 1214 gii
270 1129 421 1196 continuo
445 1129 601 1198 accedam.

218 1247 339 1333 Ingenii
357 1249 503 1314 acumine
523 1249 656 1315 maxime
674 1270 706 1315 se
727 1247 950 1332 commendat,
974 1265 1011 1314 ut
1030 1248 1109 1315 mihi

176 1359 307 1450 quidem
351 1361 498 1446 videtur,
549 1361 681 1429 liberalis
726 1362 806 1428 illius
851 1365 1004 1430 sententia
1039 1364 1105 1452 (2)=

176 1478 241 1559 „Es
262 1488 343 1546 nire
364 1477 446 1546 wohl
468 1477 627 1567 mo'glich,
660 1476 729 1544 dass
762 1478 1026 1546 Aristoteles
1048 1503 1110 1545 nur

176 1590 227 1658 die
265 1592 578 1680 Untersuohungen,
630 1592 747 1660 welche
789 1593 968 1661 susserhalb
1010 1597 1111 1660 seineu

177 1722 283 1792 streug
303 1706 620 1775 wissenschaltlichen
638 1708 793 1794 Vortr'age
816 1706 929 1794 liegen,
953 1708 998 1774 im
1020 1708 1110 1794 Auge

178 1821 294 1906 gebabt
326 1820 433 1906 h'eitte,
463 1845 555 1890 wenn
597 1845 632 1888 er
663 1845 726 1890 von
759 1823 974 1891 exoterischeu
999 1820 1111 1890 Reden

177 1938 314 2028 sprach,
348 1935 418 2004 dass
453 1935 519 2003 elles
551 1939 626 2003 aber
646 1937 768 2006 sodenn
785 1937 849 2005 den
866 1939 1004 2029 Spiitern
1023 1940 1110 2007 Ver·

177 2049 341 2138 anlassung
369 2076 410 2116 zu
442 2049 770 2119 Missverst'aindnissen
815 2075 952 2140 gewesen
982 2061 1074 2119 w'are.
1090 2052 1113 2088 ‘⁴

179 2165 293 2231 Censet
331 2167 428 2252 igitur
472 2167 721 2235 Aristotelis
757 2169 874 2260 scripta
922 2165 1113 2257 philosopha

179 2296 331 2368 tanquam
372 2297 504 2372 systema
541 2284 605 2350 sive
645 2281 799 2351 circulum
843 2280 1005 2375 quendam
1048 2305 1113 2348 esse

180 2394 428 2482 consideranda,
457 2422 496 2465 ex
517 2422 582 2489 quo
614 2408 652 2472 τὰ
677 2404 831 2497 ἐξωτερικαὶ
852 2399 1015 2486 excludit3
1037 2423 1111 2466 om·
1191 2428 1192 2431 ¹

181 2524 319 2612 niaque,
378 2545 458 2611 quae
499 2522 534 2585 in
569 2524 633 2592 suis
676 2524 801 2614 scriptis
839 2520 1114 2589 Aristoteles

182 2638 248 2726 ipse
273 2634 340 2701 loca
360 2632 485 2719 laudat,
511 2635 619 2725 paucis
643 2636 805 2725 exceptis,
841 2659 878 2702 eo
900 2633 1116 2727 comprehen-

183 2748 288 2816 denda
303 2751 330 2816 ei
344 2749 501 2819 videntur.
527 2752 627 2836 Huic,
639 2751 701 2820 sive
722 2750 839 2819 circulo
851 2802 861 2836 ,
871 2753 932 2819 sive
949 2753 1116 2844 systemati,

183 2882 324 2933 accenset
357 2890 452 2959 opera
493 2844 646 2960 physica,
687 2868 916 2960 metaphysica,
950 2867 1047 2935 libros
1076 2867 1117 2933 de

183 2984 306 3066 anima,
339 2986 457 3076 scripta
488 2982 586 3070 logica
628 2965 918 3071 (Aristotelis
940 3000 976 3050 ut
998 2982 1117 3051 dicitur

184 3093 349 3197 oppetes),
394 3096 590 3182 rhetoricos,
627 3098 789 3192 politicos,
840 3098 959 3166 ethicos
976 3183 979 3187 .
997 3097 1115 3183 libros,
1223 3178 1226 3182 A

185 3231 343 3320 poeticam
364 3245 417 3313 et,
452 3251 534 3320 quae
561 3228 655 3295 etiam
686 3252 776 3296 nunc
805 3237 998 3322 supersunt,
1033 3207 1119 3316 pro·¹

185 3344 342 3428 blemata3
385 3342 519 3432 dialogos
550 3345 663 3431 igitur,
698 3369 838 3434 quorum
877 3341 973 3410 hodie
1017 3365 1118 3430 pauca

187 3486 312 3537 tantum
345 3469 518 3558 fragmenta
539 3486 681 3555 exstant,
703 3475 798 3539 unice
830 3468 872 3536 ad
893 3467 956 3542 τοὺς
981 3464 1118 3556 ἐξωτερι-

183 3697 431 3717 -ι-ιι-ι--ι-

230 3838 269 3915 (l)
297 3837 343 3898 Cl.
359 3837 432 3916 disp.
453 3848 525 3898 nost.
541 3855 571 3914 p.
591 3837 623 3914 9,
642 3848 707 3898 nota
721 3837 752 3897 2.
789 3837 828 3915 (2)
848 3836 885 3899 0.
901 3840 923 3899 l.
947 3859 976 3917 p.
993 3839 1033 3898 Ὦ
1054 3857 1117 3918 sqq.
