2602 4620
625 303 670 367 66

194 472 396 553 vakaima
423 490 512 555 ratio
538 491 575 553 in
599 489 721 554 ceteris
744 484 917 553 ctam
934 492 1089 578 όαῄιίι.

218 708 276 777 Ob
303 736 463 786 tammum
484 714 659 785 dialectices
684 743 760 786 cam
781 716 965 808 eloqueffi
985 722 1127 787 mi·-

176 844 243 915 (ιω
274 823 428 901 doctrinis
451 831 615 903 vinculum
637 833 672 898 in
696 832 761 898 aliia
789 856 924 924 quoque
950 835 1123 903 Cicero-

176 938 240 1009 nit
269 944 416 1039 scriptis,
447 946 602 1039 imprimis
626 971 701 1014 vero
725 950 759 1013 in
783 946 875 1013 libris
896 945 940 1014 de
962 951 1127 1032 Ontm,

176 1052 278 1127 molta
310 1058 482 1132 diabetioet
523 1079 693 1157 praecepta
726 1061 1012 1154 deprehendimus.
1059 1068 1124 1132 Iu-

177 1169 326 1244 emundi
361 1176 440 1247 adeo
470 1195 575 1268 partes
610 1176 782 1247 traduntur
812 1179 1018 1264 Antonio,
1064 1184 1128 1272 qui

175 1288 304 1377 munh,
327 1315 345 1359 e
364 1292 482 1387 quibus
502 1310 684 1380 argumenta
703 1292 742 1360 ad
750 1292 901 1382 judicum
914 1295 1122 1364 animosum·

176 1402 298 1477 vendor
323 1422 356 1478 et
387 1406 598 1479 mactandos
620 1410 688 1476 crui
713 1411 854 1502 possint,
892 1413 1122 1503 persequitur:

178 1520 335 1613 „laticis”
366 1526 453 1595 etaim
484 1526 557 1613 „in
578 1541 684 1593 mente
707 1542 740 1592 et
766 1527 952 1612 cogitatione
975 1525 1119 1611 defixis,

176 1652 210 1711 et
231 1636 264 1707 in
295 1642 381 1711 ourrri
406 1664 440 1711 re
463 1637 503 1708 ad
526 1637 701 1712 dicendum
725 1642 825 1735 posita
845 1643 1009 1725 excimtis,
1037 1642 1125 1708 nihil

175 1756 258 1845 orit,
282 1756 368 1855 spraud
393 1774 547 1830 oratorem
568 1756 705 1845 cisugere
726 1758 845 1848 possit,
875 1782 941 1823 nou
963 1756 1122 1825 modain

178 1876 356 1947 naaratha·
386 1874 688 1967 disceptationibus,
729 1870 784 1938 sed
818 1874 950 1940 omniuo
990 1874 1025 1938 in
1056 1872 1123 1940 ulio

179 2012 293 2083 perraro
313 1988 467 2061 ‹licendi”
491 1988 552 2078 (Ι).
598 1988 645 2054 Ut
668 1988 913 2056 Aristoteles
935 1989 970 2054 in
989 1988 1118 2057 Rheto-

179 2104 253 2177 rioitt
285 2105 358 2195 (2),
393 2105 434 2172 ita
466 2104 627 2170 Cicero
661 2104 695 2169 in
727 2103 816 2170 libris
835 2100 876 2167 de
898 2106 1034 2170 Oratore
1055 2106 1122 2171 sub

181 2220 373 2293 Antonii
407 2241 539 2312 ,cersona
562 2216 670 2286 eadem
689 2220 837 2306 attingit,
861 2243 942 2309 quae
965 2221 1065 2285 fusius
1084 2221 1120 2286 in

177 2334 266 2409 libris
287 2335 328 2407 da
349 2335 534 2406 inventione
558 2350 753 2427 exposuerat.

223 2452 336 2547 Quum
363 2451 578 2521 Antonine
607 2451 697 2516 initio
717 2473 789 2515 suae
811 2448 1031 2544 disputationis
1049 2449 1120 2519 dno

179 2586 304 2641 tantum
348 2567 450 2661 prima
493 2589 603 2654 genera
648 2566 890 2658 quaestionum,
926 2569 960 2632 in
997 2569 1119 2657 quibus

177 2686 355 2781 eloquentia
389 2699 583 2766 versaretur,
618 2707 719 2748 unatm
752 2681 938 2767 infinitum,
979 2682 1116 2752 alterum

178 2818 327 2886 certum,
357 2822 421 2867 caso
451 2801 625 2883 statuissem
665 2803 792 2867 tertium
811 2824 909 2885 vero,
931 2827 948 2866 a
969 2803 1118 2871 Crasso

176 2916 259 2987 libro
281 2917 386 3008 primo
406 2927 543 2997 tactum,
566 2915 606 2980 ab
628 2914 881 2983 Aristotele
905 2939 1034 3010 quoque
1047 2917 1114 2983 nd-

172 3036 348 3124 jnnctum,
369 3046 406 3097 ut
427 3028 533 3096 minus
557 3032 763 3098 necessarium
785 3032 932 3117 rejiciens
950 3029 1120 3121 reipotins

174 3171 338 3216 secernens
360 3147 431 3235 (3),
468 3147 645 3214 suasionum
665 3165 834 3237 praecepta
857 3172 933 3216 cum
952 3146 1113 3216 laudatio-

174 3266 270 3336 nibus
295 3264 527 3354 conjunxissetg
565 3266 725 3334 Cicero
755 3264 804 3331 his
829 3267 980 3335 Crassi
1009 3269 1116 3335 verbis

172 3408 260 3456 ruam
277 3381 464 3452 arentiam
485 3381 636 3476 expressit
654 3380 725 3473 (4)a
772 3382 880 3470 „Esse
900 3384 994 3452 etiam
1014 3407 1115 3472 genus

211 3671 253 3749 (i)
274 3670 310 3733 dc
331 3667 411 3731 Orat.
435 3667 470 3744 ii,
496 3667 548 3729 ΙΙ.
571 3664 617 3725 (ΙΙ.
644 3664 717 3742 disp.
744 3685 775 3726 n.
799 3686 831 3745 p.
863 3667 915 3727 rt.
957 3668 999 3746 (2)
1025 3667 1111 3731 ntea.

170 3778 208 3855 il,
235 3778 288 3841 25.
333 3780 372 3857 (3)
394 3778 431 3840 de
458 3775 534 3839 Orat.
561 3777 598 3853 il,
632 3776 669 3836 10
693 3788 722 3835 ot
746 3775 798 3838 84.
843 3777 884 3854 (4)
906 3778 978 3841 tuit.
1007 3779 1031 3855 l,
1058 3779 1113 3839 tt.

171 3885 224 3946 (ΙΙΙ.
254 3886 300 3952 ΙΙΙ,
330 3885 380 3951 rt,
407 3886 442 3944 dc
469 3887 527 3945 ine.
553 3888 576 3961 1,
608 3886 638 3961 8,
670 3885 796 3964 Topc.
825 3887 878 3945 ΙΙ.
957 3926 959 3930 ,
