2602 4620
625 315 687 382 114

185 506 232 562 εῖνι
281 501 330 567 καὶ
369 505 527 597 ἀρχόμενοι
538 555 549 592 ,
595 499 645 570 δεῖ
676 501 710 570 δὲ
737 499 883 594 διαφέρειν
912 503 964 572 τὴν
995 499 1145 578 τελευτὴν,
1196 514 1201 525 “

184 631 234 697 τῆς
261 627 369 717 ἆρχῆς.
402 633 450 706 ἕςι
483 627 519 697 δὲ
545 637 667 706 παιᾶνος
692 625 747 697 δύο
772 625 838 699 εῖδει
864 627 1050 716 ἀντικείμενα
1062 626 1126 693 ἂλ-

186 743 308 835 ltine,
351 746 392 816 ὧν
434 751 466 818 τὸ
511 749 563 840 μὲν
593 748 623 815 ἓν
648 752 731 840 ἀρχῇ
761 749 896 837 ἁρμόττει
908 797 919 833 ,
950 753 1052 839 ὥσπερ
1077 746 1128 812 καῖ

187 877 327 962 χρῶνται·
356 869 434 952 οὗτος
458 871 554 954 δ’ἒςῖν
579 872 612 944 οὗ
638 883 727 969 ἄρχει
753 874 805 965 μὲν
832 877 850 945 ἡ
878 880 999 966 μακρά,
1027 876 1128 942 τελευ-

187 1002 258 1064 τῶσι
285 996 320 1067 δὲ
346 1007 419 1093 τρεῖς
447 1002 600 1094 βραχεῖαι.
617 1044 634 1058 -
660 1008 750 1094 ἕτερος
763 996 827 1079 δ’ἐξ
841 1002 989 1090 ἐναντίαις,
1003 996 1037 1067 οὗ
1052 999 1131 1092 βρα-

183 1124 268 1206 «χεῖαι
294 1129 419 1214 ἄρχουσι
446 1131 540 1218 τρεῖς,
567 1133 586 1202 ἡ
611 1125 646 1194 δὲ
671 1128 770 1218 μακρὰ
788 1127 945 1193 τελευταία
961 1167 983 1178 -
998 1120 1077 1200 οὗτος
1092 1122 1126 1189 δὲ

188 1244 319 1318 τελευτὴν
347 1254 434 1316 ποιεῖ.
481 1277 528 1340 ·„
545 1253 635 1320 Hanc
656 1252 796 1338 igitur,''
820 1253 863 1316 ita
881 1274 981 1342 porro
1010 1252 1126 1318 Cice·

188 1385 233 1428 ro
265 1361 336 1454 (i),
372 1369 460 1450 „sive
489 1367 769 1459 compositionem,
791 1367 855 1433 sive
876 1365 1126 1456 perfectionem,

185 1477 252 1551 §ive
276 1504 446 1548 numerum
471 1483 572 1551 vocari
596 1481 722 1570 placet,
745 1479 898 1548 adhibere
920 1497 1125 1562 necesseest,

186 1594 214 1676 si
236 1613 345 1664 ornate
364 1597 437 1666 veiis
459 1597 581 1682 dicere,
605 1622 670 1665 non
696 1596 796 1663 solum
819 1594 923 1686 (quod
955 1598 999 1660 nit
1033 1597 1125 1664 Ari-

188 1713 360 1798 stoteles
382 1731 413 1782 et
439 1714 766 1805 Theophrastus)
799 1737 840 1778 ne
855 1711 1129 1796 infiniteferatur,

188 1846 225 1896 nt
259 1831 402 1918 flumen,
435 1836 548 1917 oratio,
581 1858 662 1925 quae
681 1858 748 1900 non
769 1848 822 1897 aut
839 1832 956 1918 spiritu
974 1855 1125 1922 pronun-

184 1947 319 2036 tiantis,
353 1966 407 2015 aut
432 1950 605 2019 interdictu
627 1951 768 2034 librarii,
791 1948 846 2015 sed
868 1972 1001 2016 numero
1025 1964 1129 2016 coacte

189 2057 286 2125 debet
307 2063 463 2132 insisteret
489 2069 726 2147 verumetiam,
749 2063 837 2153 quod
862 2063 963 2131 multo
978 2066 1129 2151 majorem

184 2153 311 2243 ¹hebent
346 2194 417 2269 epte
445 2180 537 2265 tim,
562 2201 659 2269 quem
677 2179 813 2245 solute.”
860 2181 915 2245 His
937 2179 1037 2244 verbis
1058 2179 1129 2243 Ci-

181 2276 347 2367 'ceroea
369 2292 500 2378 retulit,
532 2320 615 2388 quae
647 2293 914 2362 Aristoteles
953 2293 1036 2361 libro
1057 2293 1127 2378 tlt,

182 2398 218 2487 c.
233 2421 253 2486 8
277 2418 519 2487 Rhetoricorum
542 2444 670 2487 suorum
681 2436 888 2512 exposuerat:
905 2417 948 2485 Τὸ
972 2415 1007 2481 δὲ
1020 2426 1129 2504 σχῆμα

188 2554 238 2620 τῆς
262 2541 363 2623 λέξεως
388 2541 440 2610 δεῖ
460 2551 532 2633 μήτε
557 2548 697 2636 ἔμμετρον
722 2543 794 2609 εἶναι
821 2550 893 2631 μήτε
918 2541 1073 2632 ἄρρυθμον·
1097 2540 1130 2605 τὸ

181 2657 240 2757 Ιμὲν
266 2671 326 2761 γὰρ
350 2671 491 2736 ἀπίθανον
518 2665 692 2756 (πεπλάθαι
719 2669 779 2759 γὰρ
804 2658 904 2747 δοκεῖ)
930 2665 979 2730 καὶ
996 2673 1062 2754 ἅμα
1078 2665 1126 2730 καὶ

185 2792 329 2870 ἐ’ξίςησιν·
345 2835 388 2846 -
414 2795 446 2860 τὸ
470 2792 505 2859 δὲ
531 2793 674 2883 ἄρρυθμον
699 2794 875 2882 ἀπέραντον,
901 2789 953 2857 δεῖ
975 2789 1011 2856 δὲ
1026 2816 1129 2858 πεπα-

184 2916 290 3009 Ιρείνθαι
318 2919 386 3006 μέν,
413 2918 454 3007 μὴ
480 2919 576 3009 μέτρῳ
602 2915 647 2982 δέ·
675 2913 765 2990 ἀηδὲς
791 2919 851 3008 γὰρ
876 2915 925 2980 καὶ
942 2921 1078 3005 ἄγνωςον
1096 2915 1130 2982 τὸ

187 3049 316 3134 ἄπειρον.
345 3045 506 3136 περαίνεται
527 3040 562 3108 δὲ
575 3043 692 3135 ἀριθμῷ
707 3047 813 3108 πάντα·
831 3043 846 3106 ὁ
861 3037 896 3106 δὲ
909 3046 958 3107 τοῦ
972 3047 1127 3128 σχήματος

187 3179 236 3244 τῆς
260 3169 361 3248 λέξεως
387 3170 506 3259 ἀριθμὸς
531 3169 634 3259 ῥυθμός
656 3169 735 3254 ε’ςιν,
765 3160 796 3232 οῖ)
811 3166 859 3231 καῖ
878 3168 917 3233 τὰ
933 3167 1023 3256 μέτρα
1040 3189 1126 3253 τμη-

187 3298 234 3360 toi·
263 3289 312 3358 διὸ
337 3291 444 3381 ῥυθμὸν
467 3289 518 3357 δεῖ
541 3296 620 3378 ἔχειν
646 3290 693 3356 τὸν
719 3290 819 3380 λόγον,
846 3292 949 3382 μέτρον
961 3285 995 3354 δὲ
1009 3287 1081 3376 μή(
1103 3290 1128 3379 ).

225 3412 265 3477 ln
298 3410 348 3477 his
382 3407 578 3501 exponendis
613 3409 758 3475 brevitati
792 3432 859 3475 non
892 3408 1125 3478 consulendum

181 3551 243 3596 esse
266 3524 366 3610 duxi,
389 3543 445 3608 ut,
469 3525 701 3612 comparatione
722 3524 885 3610 institute,
908 3526 1004 3612 magis
1017 3551 1123 3616 eppa-

184 3674 376 3688 m

223 3726 262 3801 tt)
286 3724 360 3784 Orat.
385 3743 411 3784 c.
436 3723 487 3787 68.
530 3724 569 3802 (δ)
592 3722 635 3782 Cf.
660 3721 732 3784 Cic.
756 3722 834 3784 Orat·
859 3743 885 3784 c.
903 3724 955 3784 tt.
980 3723 1125 3802 „Versum

180 3837 208 3894 in
246 3837 369 3894 oratione
411 3849 486 3897 vetat
520 3856 602 3904 esse,
649 3855 792 3896 numerum
822 3835 934 3915 jubet.''
974 3855 1000 3896 e.
1025 3835 1067 3895 20
1095 3848 1126 3896 et

181 3945 216 4005 de
238 3942 316 4004 Orat.
343 3945 366 4021 l,
398 3947 456 4022 to,
479 3945 623 4016 Quinct.
646 3949 669 4006 l.
702 3945 735 4006 Ο.
760 3946 809 4023 tx,
829 3947 861 4025 t,
887 3944 985 4030 §.82
1001 3945 1052 4018 87,
1069 3945 1122 4009 88.
