2602 4620
628 277 693 351 154

174 488 292 541 summa
324 460 497 545 modestia,
531 475 637 552 pastea
662 483 760 548 quam
780 459 837 536 rer'
856 460 1034 552 appellatas
1055 468 1116 552 sia,

174 580 372 672 superbum,
395 573 576 658 crudelem,
599 573 973 652 immodaratumsaiase‘i
996 579 1118 669 Quid?

175 717 211 765 tu
246 700 336 767 hunc
370 696 411 764 de
447 721 587 789 pompa,
622 697 795 786 Quirini
833 699 1115 784 contubernalem,

173 821 222 888 bis
254 821 366 888 nestris
398 816 566 886 moderatis
604 815 738 908 epistolis
773 816 962 885 laetaturum
994 827 1115 911 putas?

172 935 227 1003 Ille
252 960 325 1003 vero
350 936 453 1025 potius
478 958 542 1001 non
555 935 675 1021 scripta
686 929 865 1015 desideret,
890 959 987 1022 quam
996 938 1115 1027 scripta

68 1081 74 1093 ·
173 1075 239 1119 non
261 1051 409 1142 probet’'.
456 1051 559 1136 Hujus
584 1049 731 1137 concepti
751 1049 853 1138 operis
869 1051 927 1114 ersi
950 1050 1114 1119 Cicero-

173 1189 261 1235 nem
296 1164 373 1233 adeo
402 1163 556 1249 taederet,
588 1163 733 1255 pluribus
754 1180 859 1230 tamen
882 1164 957 1232 lacis
979 1190 1012 1233 se
1034 1165 1115 1232 illud

173 1282 339 1374 perfecisse
362 1279 458 1349 etad
481 1279 686 1348 Caesarem
707 1282 822 1348 misisse
833 1298 985 1352 testaturt
1013 1286 1115 1368 „Heri

175 1398 269 1471 etiam
302 1394 390 1462 effeci
422 1393 595 1485 Epistolam
621 1394 664 1461 ad
687 1397 909 1494 Caesarem,
946 1399 1004 1465 tibi
1026 1402 1114 1466 enim

174 1513 338 1606 placebat:
375 1537 472 1609 quam
505 1537 571 1581 non
604 1512 665 1579 suit
696 1511 813 1579 malum
842 1514 961 1598 scribi,
984 1516 1010 1583 si
1033 1516 1113 1583 forte

176 1653 256 1722 opus
288 1651 353 1696 esse
385 1644 521 1718 putares.
569 1629 614 1694 Ut
645 1625 778 1718 quidem
807 1652 896 1696 nunc
933 1646 998 1713 est,
1034 1630 1115 1696 nihil

177 1770 250 1821 sene
281 1762 327 1812 est
348 1769 473 1817 necesse
495 1746 630 1821 mittere.
676 1743 740 1812 Sed
763 1744 796 1811 id
818 1739 972 1836 quidem,
996 1765 1032 1814 ut
1057 1751 1114 1816 tibi

177 1861 362 1938 videbitur''
398 1861 480 1951 (l).·
517 1858 712 1950 „Epistulam
746 1863 931 1931 Caesaris
962 1865 1052 1948 misi,
1089 1867 1115 1932 si

178 1979 281 2049 minus
304 1977 447 2064 legisses”
468 1975 527 2064 (2).
573 1977 645 2060 „De
669 1976 809 2066 Epistola
828 1975 868 2044 ad
889 1980 1112 2064 Caesarem,

177 2104 307 2191 κέκρικα.
359 2106 469 2192 Atque
503 2102 537 2168 id
567 2105 694 2192 ipsum,
731 2101 819 2193 quod
843 2105 894 2171 isti
913 2107 1002 2191 ajunt
1023 2105 1114 2173 illum

80 2286 86 2298 ,
177 2221 333 2305 scribere,
357 2244 409 2305 se,
436 2220 495 2287 nisi
517 2220 692 2288 constitutis
713 2222 831 2304 rebus,
853 2243 922 2298 *non
944 2223 1061 2288 iturum
1078 2223 1114 2288 in

177 2336 334 2423 Parthos3
361 2335 395 2403 id
412 2360 469 2425 ego
489 2334 659 2413 suadebam
681 2337 716 2404 in
737 2334 786 2404 illa
806 2336 966 2428 Epistola”
988 2336 1048 2426 (3)

217 2597 260 2672 (r,
283 2596 325 2655 ra.
355 2594 409 2673 up.
432 2593 484 2654 re.
531 2595 570 2672 (r)
593 2595 634 2653 u.
664 2593 718 2672 up.
746 2594 798 2654 rc.
820 2593 864 2653 cs.
895 2592 948 2670 up.
974 2591 1026 2650 ra.
1073 2593 1115 2668 (a)

176 2708 230 2785 Ep.
262 2707 312 2768 51.
338 2705 391 2767 eff.
416 2705 489 2784 Epp.
521 2705 562 2766 50
590 2717 619 2763 et
648 2705 699 2764 51.
