2602 4620
628 311 672 377 46

175 511 277 594 μαῖον,
305 504 351 573 ἐὸν
380 501 580 594 Φιλάδελφον,
593 511 595 515 ’
608 507 685 570 πάνυ
708 498 917 571 ἐσπουδακέναι
945 502 1017 595 potui
1040 494 1115 598 ’περὶ

44 658 47 662 ·
175 634 213 696 τὰ
227 625 433 720 Ἀριςοτελικά
448 632 685 720 συγγράμματα,
710 630 749 704 ὡς
767 629 816 693 καὶ
848 629 913 721 περιΙ
944 633 984 698 τοὶ
999 633 1113 724 λοιποὶ,

175 755 223 821 κοιιι
254 762 394 846 χρήματα
418 753 532 839 διδόναι
562 757 620 830 τοῖς
646 756 852 846 προσφέρουσιν
886 754 966 845 αὐτῷ
990 755 1113 845 βίβλους

173 887 222 947 τοῦ
240 879 403 972 φιλοσόφον.
428 919 471 932 --
496 873 615 968 Ἀμέλει
622 929 633 966 ,
664 877 767 970 φασὶν,
794 879 823 944 ἐν
849 887 885 968 τῇ
912 879 1031 971 μιγαλρ
1058 880 1114 969 βι-

173 1005 312 1097 βλιοθήκῃ
359 1007 493 1099 εὑρῆθοιι.
552 999 750 1072 Ἀναλυτικῶν
791 1005 858 1096 ρὲν,
896 1013 1113 1101 τεσσαράκοντα

173 1128 309 1218 βίβλους,
336 1133 527 1222 Κατηγοριῶν
542 1127 577 1197 δὲ
602 1128 681 1218 δύο,
715 1148 870 1225 apparet,
893 1131 985 1223 plum
1008 1134 1112 1202 Ari-

173 1247 354 1315 stotelis
378 1239 516 1341 scripto,
540 1252 709 1343 praecipue
732 1273 809 1318 vero
829 1247 947 1338 logica,
966 1248 1109 1319 Alexan·

174 1361 259 1431 driue
280 1365 461 1433 innotuisse.

217 1487 267 1553 Ex
288 1487 324 1554 iis
343 1510 543 1578 quassum,
563 1487 719 1580 imprimis
740 1485 781 1555 de
800 1485 908 1558 indole
933 1495 993 1558 τῶν
1018 1492 1111 1597 λόγων

173 1595 372 1711 ἀκροατικών,
399 1613 525 1696 monui,
557 1611 626 1677 satis
659 1611 781 1702 liquet,
806 1636 917 1681 vanum
952 1613 1024 1682 fieri
1048 1617 1112 1686 ob-

170 1735 355 1824 jectionem,
375 1757 393 1797 a
413 1725 640 1814 Madvigio
663 1723 712 1816 (l)
735 1749 775 1792 ex
801 1727 1037 1797 Ciceronis
1064 1727 1112 1820 (2)

175 1850 276 1916 verbis
307 1896 328 1930 ‚‚
341 1845 432 1936 qnod
460 1849 496 1912 ιἰι
515 1846 760 1910 commentariis
791 1844 1029 1933 reliquemmt”
1052 1838 1112 1916 dess

174 1979 326 2041 sumtum,
357 1987 420 2051 qne
456 1955 644 2027 contendit:
686 2006 709 2042 „
732 1958 850 2049 Injurin
888 1960 1114 2032 Stuhrium

177 2077 323 2164 (Arist.
347 2077 388 2157 ΙΙ,
413 2101 447 2168 p.
473 2078 530 2166 35)
557 2099 703 2161 negasse,
729 2077 769 2142 ab
803 2074 867 2146 ullo
892 2096 996 2146 vetere
1030 2081 1114 2148 scri·-

176 2212 269 2288 ptore
281 2193 396 2287 apertis
416 2180 636 2275 verbistradi,
661 2189 749 2282 quod
775 2192 935 2263 Strabo
958 2187 1115 2293 significat

176 2314 211 2379 iu
245 2309 404 2378 notissima
442 2309 641 2386 nartntione,
677 2309 984 2380 Aristotelem
1019 2312 1114 2382 libros

172 2453 243 2498 suos
267 2427 391 2515 majoris
413 2425 565 2499 momenti
577 2423 747 2517 plerosque
771 2450 836 2492 non
857 2427 964 2518 ipsum
992 2426 1115 2496 edidis·

172 2547 254 2634 se3”
290 2568 351 2613 nec
380 2542 474 2608 etiam
495 2564 575 2633 opus
598 2564 662 2606 esse
684 2540 930 2608 Niebuhrii
956 2541 1006 2634 (3)
1030 2569 1113 2614 con·

170 2668 320 2750 jecturur
347 2660 442 2743 „Eos
463 2658 558 2726 libros
583 2653 648 2724 dici
670 2658 704 2722 in
727 2660 955 2726 commentariis
980 2661 1117 2746 relictos,

174 2800 257 2864 qnos
288 2765 566 2840 Aristoteles
602 2785 634 2834 et
664 2769 1028 2860 Theophrastus
1049 2800 1117 2845 non

174 2890 303 2972 stetim,
336 2910 438 2976 quum
471 2887 583 2977 scripti
615 2903 737 2972 essent,
760 2887 944 2970 ediderint,
967 2890 1024 2956 sod
1052 2893 1117 2959 ati-

174 3002 330 3100 qunmdin
342 3003 531 3069 retinuerint
554 3018 586 3068 et
597 3002 736 3070 subinde
756 3005 992 3074 emendaverint
1003 3009 1040 3092 ;'’
1055 3034 1120 3099 pro

174 3119 337 3215 discipulis
372 3119 460 3184 enim
491 3116 598 3204 edita,
633 3143 694 3209 pro
718 3119 810 3208 vulgo
835 3119 976 3208 inedita,
998 3126 1118 3216 scripta

174 3233 447 3307 Aristotelis
481 3251 581 3302 erant.

217 3356 265 3423 Ita
291 3375 421 3445 quoque
439 3355 525 3440 jacet
553 3353 662 3444 opinio
686 3377 784 3443 quam
806 3354 913 3447 paullo
923 3355 1055 3424 inferius
1077 3355 1117 3424 de

173 3470 285 3540 eodem
323 3468 385 3538 hoc
422 3469 659 3536 Ciceronis
691 3468 1043 3561 locoMadvigins
1067 3474 1115 3564 (4)

173 3587 334 3677 protulits
380 3634 403 3678 „
426 3586 536 3674 Itaque
573 3608 698 3675 pannus
722 3584 775 3654 hic
800 3603 927 3655 ornatus
950 3588 1120 3660 adventicii

175 3764 368 3778 m

215 3837 591 3915 ‹otxc.v11,p.8ts.
638 3837 678 3916 (2)
701 3837 744 3900 De
758 3840 821 3903 Fir.
835 3841 871 3919 V,
889 3843 919 3902 5.
966 3843 1006 3922 (3)
1031 3845 1117 3910 stou.

176 3949 278 4010 Gesch.
308 3950 331 4025 1,
365 3969 395 4027 p.
426 3950 476 4018 ⁶20,
501 3951 554 4014 Ed.
584 3953 616 4013 λ’.
649 3956 702 4033 ,(4)
730 3956 771 4016 lb.
799 3975 830 4035 p.
864 3956 936 4047 854.
