2602 4620
586 353 645 420 ΙΒΙ

155 532 229 602 dem
251 537 298 602 vir
320 535 429 606 melior
448 556 550 620 esses,
576 560 636 604 nee
658 537 770 606 sortior
781 587 791 621 ,
818 564 879 608 nee
905 535 1095 634 temperari-⁸

156 651 322 734 tior,'ueo
339 652 475 741 justior,
499 649 619 742 (neque
627 651 979 744 enimessepotes),sed
992 653 1098 744 paullo

155 762 195 830 ad
218 764 377 833 lenitatem
400 769 594 861 propensior.
617 769 691 836 Non
717 791 897 852 enumeres,
922 769 1016 836 nullis
1034 767 1096 835 ad-

157 876 273 949 ductus
295 885 486 969 inimicitiis,
509 884 593 952 nulla
604 884 762 955 lacessitus
773 887 902 974 injuria,
924 884 1097 976 pudentis-

157 996 269 1064 simum
293 999 477 1086 bominem,
501 1023 626 1069 summa
644 999 796 1088 dignitate
814 1019 910 1092 atque
934 1000 1098 1070 honestate

160 1111 359 1200 praeditum:
384 1130 534 1207 putares,
557 1139 660 1209 quum
677 1113 1100 1205 inejasdemannienstodis

158 1243 189 1292 te
207 1241 303 1318 atque
322 1231 361 1296 L.
384 1230 590 1298 Murenam
611 1231 738 1299 fortuna
759 1232 928 1321 posuisset,
948 1231 1099 1322 aliquota

160 1370 234 1414 eum
253 1347 315 1416 boe
336 1348 536 1440 reipublicae
545 1348 672 1418 vinonio
683 1352 984 1438 esseoonjunatuma
1009 1347 1099 1439 quod

158 1463 302 1532 atrociter
332 1465 367 1531 in
397 1480 507 1532 senatu
527 1463 654 1550 dixisti,
688 1480 743 1533 aut
772 1488 839 1534 non
866 1463 1017 1546 dixisses,
1044 1478 1100 1531 sut

159 1579 360 1669 seposuisses,
381 1596 435 1648 aut
452 1581 608 1648 mitiorem
629 1583 664 1646 in
683 1591 808 1672 partem
818 1579 1098 1669 interpretarere’'.

205 1695 353 1763 Cicero
373 1695 409 1762 in
431 1693 619 1769 Tusculanis
644 1694 910 1786 Quaestionibus,
943 1695 1105 1784 imprimis

162 1811 245 1878 libro
265 1826 396 1902 quarto,
412 1809 547 1880 alterum
563 1809 688 1894 laeum,
710 1812 751 1878 ab
776 1809 1108 1905 Aristoteieube7

162 1926 228 1993 rins
256 1940 506 2017 pertnetetum,
528 1922 570 1992 de
592 1924 885 2016 perturbationibus
903 1921 973 2013 (Ι),
995 1947 1099 2016 expo-
1241 1991 1244 1996 .

163 2042 244 2126 snit,
267 2041 549 2132 Peripateticorum
568 2043 755 2109 senteutiam
776 2064 850 2109 eum
870 2038 977 2128 rigidis
1009 2039 1099 2108 Stoi-

164 2180 275 2226 corum
310 2155 431 2248 placitis
453 2157 646 2248 compererit
668 2154 743 2248 (2),
765 2170 798 2223 et
821 2179 896 2224 eum
917 2154 975 2223 ittis
1003 2156 1101 2224 animi

164 2274 417 2365 perturbationes
449 2297 557 2341 omnes
589 2275 624 2340 in
666 2288 773 2342 nostra
794 2288 968 2366 potestate,
991 2294 1101 2343 ornnes

161 2385 285 2476 judicio
304 2402 483 2481 surreptas,
505 2410 613 2468 omnes
631 2386 819 2456 voluntarias
831 2390 1029 2457 esseoensuit
1039 2388 1099 2478 (3).

165 2509 257 2577 lieet
289 2506 433 2575 Cicero
463 2506 498 2571 in
529 2505 590 2572 bae
617 2501 836 2595 disquisitione
857 2501 983 2577 nullum
1004 2504 1101 2572 art-

167 2621 327 2691 stotelis
355 2619 462 2690 locum
493 2621 680 2688 nominatim
712 2617 888 2704 attulerit,
922 2641 983 2711 pro
1014 2636 1103 2708 perte

169 2755 274 2806 umen
296 2732 436 2804 eundern
459 2735 548 2826 qnasi
567 2733 703 2804 ωΙοτεω
724 2734 821 2800 refert
843 2754 880 2801 se
890 2731 962 2801 iibri
971 2732 1104 2805 secundi

168 2853 340 2947 disputatio
363 2850 603 2921 Aristotelis
628 2850 881 2920 Rhetoaioorum.

213 2969 467 3041 Aristoteles
498 2971 629 3039 virtutes
656 2993 766 3039 omues
797 2985 865 3038 tum
885 2968 927 3037 ad
948 2973 1105 3056 artiones,

170 3121 239 3170 tum
264 3095 313 3166 ad-
326 3092 579 3188 perturbationes
598 3090 733 3184 (πράξεις
756 3091 806 3158 uui
832 3092 911 3170 πάθη
949 3089 1022 3182 (4))
1050 3115 1106 3160 re·

172 3218 308 3300 serens,
350 3229 501 3302 utrasque
544 3225 609 3279 tam
648 3209 821 3303 voluptates
859 3236 956 3301 quum
985 3208 1106 3281 dolores

174 3335 296 3416 (ἡδονὰς
334 3335 385 3401 uui
418 3325 526 3421 λύπας)
558 3357 623 3403 esse
658 3332 777 3405 soluite
812 3331 862 3399 bis
889 3348 994 3401 sutem
1013 3331 1110 3400 etism

213 3503 255 3580 (i)
277 3502 331 3563 Cis.
360 3500 445 3563 uter.
467 3501 491 3580 1,
518 3521 545 3562 c.
576 3503 707 3579 to-ts,
736 3502 772 3579 ΙΙ,
802 3502 837 3560 ab
865 3500 991 3560 iuitio-
1010 3518 1039 3561 e.
1059 3500 1108 3579 ts,

173 3615 250 3676 Nic.
287 3611 421 3691 imprimis
454 3612 490 3689 ΙΙ,
533 3613 563 3691 Ι,
598 3613 636 3674 ΙΙ.
658 3613 698 3675 ΙΙ.
723 3613 745 3680 Ι,
768 3612 799 3686 t,
822 3609 904 3670 Eud.
931 3608 968 3679 li,
993 3610 1025 3669 Ι.
1071 3610 1111 3690 (9)

174 3726 259 3786 rusa.
289 3721 336 3798 tv,
365 3721 396 3797 ὅ,
425 3719 474 3798 ts,
493 3721 536 3782 20
563 3741 626 3801 sqq.
671 3721 711 3797 (ὅ)
733 3720 775 3780 ΙΙ).
807 3737 834 3778 e.
862 3718 913 3778 tt.
940 3717 1110 3782 Cibrist'.

175 3836 259 3898 tttet.
304 3832 340 3908 ll,
380 3830 400 3891 4
433 3829 492 3890 init.
513 3842 560 3899 τὴς
578 3835 728 3911 βουλήσεως
747 3839 853 3909 ruputas
873 3835 902 3892 ui
921 3834 1001 3893 λῦπαι
1020 3836 1065 3895 καὶ
1084 3837 1112 3892 αἱ

176 3937 281 4012 bisnai.
323 3941 364 4018 (Ι)
386 3938 430 4002 (ΙΙ.
462 3936 535 4001 Cic.
559 3937 642 4000 Tute.
666 3936 712 4007 ΙΙΙ,
736 3937 785 3999 ΙΙ).
