2602 4620
622 259 664 326 49

178 437 253 514 dere
274 444 400 512 solebat.
446 441 565 532 Incipit
585 467 602 507 a
625 440 828 529 defiuitione,
851 469 951 537 quam
973 453 1120 526 inveniro

176 558 285 628 studet
314 558 459 641 Plato,
490 553 584 625 docet
611 559 646 623 in
673 582 751 648 quas
775 575 877 651 partes
902 562 1115 642 dividendum

171 673 497 765 distribuendumque
536 672 576 743 sit
609 692 864 762 argumentum
921 685 1114 770 singularum

177 791 352 861 dialecticae
381 791 520 883 partium
553 813 725 880 earumque
752 775 953 882 expositionis
986 819 1117 885 auctor,

177 931 284 975 veram
317 904 509 991 dialecticam
543 905 677 974 excoluit
710 923 743 973 et
784 925 939 978 oratorem
983 915 1116 1002 singnhs

176 1025 325 1095 orationis
353 1039 456 1112 partes
479 1045 537 1089 auo
556 1021 625 1090 loco
652 1022 862 1112 exponendae
879 1041 912 1092 et
942 1054 1115 1117 argumen-

177 1144 301 1210 tationis
331 1156 493 1210 accuratae
525 1156 621 1228 atque
653 1137 765 1205 ordine
786 1138 974 1211 definiendo
1000 1143 1114 1212 distri-

176 1256 371 1346 buendoque
391 1251 593 1345 procedentis
614 1275 757 1320 normam
781 1251 909 1326 docuit:
955 1263 1115 1343 „Eorum

176 1352 364 1455 ninnium,''
388 1385 424 1434 ut
450 1369 493 1433 ait
516 1366 787 1434 Aristoteles
812 1365 882 1460 (l),
911 1399 1029 1465 „quae
1054 1377 1111 1442 in.

178 1489 361 1562 veniuntur,
388 1481 543 1574 quaedam
567 1466 693 1548 οΙοοΙίἰε
716 1501 866 1575 accepta,
891 1489 978 1577 prius
997 1488 1107 1558 elabo-

177 1621 241 1671 rata
274 1616 369 1683 sunt,
399 1614 504 1689 postea
523 1620 581 1688 per
606 1611 711 1686 partes
746 1592 876 1665 adaucta
911 1603 952 1665 ab
975 1602 1032 1685 iis,
1056 1605 1115 1692 qui

176 1742 228 1786 eos
248 1728 463 1802 exceperunt:
487 1711 544 1777 alia
564 1734 639 1777 vero
663 1712 702 1776 ah
724 1712 815 1778 initio
827 1711 955 1781 inventa
967 1717 1116 1802 exiguum

177 1835 284 1925 primo
302 1833 533 1897 incrementum
554 1826 712 1917 suscipere
731 1848 985 1913 consueverunt,
1007 1849 1114 1924 postea

177 1973 253 2019 vero
270 1941 459 2035 amplificata
477 1942 628 2027 majorem
648 1939 813 2006 utilitatem
834 1957 923 2025 nacta
944 1961 1042 2032 sunt3
1067 1987 1113 2001 --

175 2067 272 2154 hujus
311 2076 416 2126 nutem
460 2053 663 2142 (dialecticae)
698 2058 890 2124 tractationis
925 2085 992 2127 non
1025 2060 1112 2132 aliud

175 2197 263 2264 erat,
298 2173 383 2242 alind
403 2198 468 2239 uon
501 2172 573 2237 satia
592 2169 769 2256 excultum,
803 2173 859 2238 sed
879 2175 959 2242 nihil
984 2202 1113 2267 prorsus

176 2293 352 2364 exstabat.”
375 2291 443 2379 Qui
455 2290 540 2354 enirn
553 2311 626 2352 eum
637 2306 889 2379 praecesserant,
913 2309 949 2357 ut
970 2293 1109 2387 Sophis-

179 2432 246 2496 tae,
279 2432 312 2474 ea
344 2402 476 2496 quidem
511 2425 592 2492 qnae
624 2398 820 2468 adialectica
839 2403 1021 2472 efficiuntur
1042 2426 1111 2475 tra-

178 2526 350 2605 diderant,
392 2521 493 2608 ipsam
523 2539 597 2584 vcro
636 2515 894 2594 demonstrandi,
932 2522 1113 2608 probandi,

176 2636 339 2712 refutandi
372 2635 524 2700 rationem
556 2653 682 2718 prorsus
713 2630 912 2717 neglexerant
941 2632 987 2701 val
1008 2639 1113 2728 potius

176 2742 358 2849 ignorarant
372 2780 382 2835 ,²
441 2749 502 2815 suit
530 2747 625 2834 igitur
653 2746 711 2813 Ar
721 2749 730 2811 i
741 2771 755 2812 s
767 2763 806 2813 to
818 2763 830 2812 t
841 2748 877 2814 el
888 2771 929 2815 es
964 2755 1111 2842 primus,

179 2877 236 2967 qui
257 2869 451 2938 dialecticum
469 2863 631 2953 doctrinae
650 2863 748 2929 instar
770 2862 870 2933 colere
882 2868 1036 2959 inciperet
1044 2872 1109 2963 (2);

177 2993 255 3059 hinc
278 3007 407 3079 quoque
430 2984 464 3048 in
486 2979 656 3047 dialecticis
677 2980 824 3073 scriptis,
848 3008 929 3070 quae
950 2992 1113 3056 communi
1157 3070 1161 3081 Ι

177 3113 305 3183 nomine
333 3109 470 3200 ὀργάνου,
513 3105 635 3194 ὀργάνου
681 3103 810 3194 ὁργάνων
849 3105 897 3169 καὶ
937 3111 1033 3202 χειρὸς
1064 3123 1114 3189 τῆς

178 3237 341 3329 φιλοσοφίας
377 3230 696 3328 comprehenduntur
733 3230 809 3321 (3),
852 3256 1041 3325 nusquam,
1088 3242 1115 3306 si

221 3408 261 3484 (l)
283 3404 370 3481 Soph.
394 3403 510 3462 Elench.
533 3421 560 3461 c.
591 3402 642 3478 55,
667 3422 696 3479 p.
727 3400 796 3479 185,
812 3403 843 3463 b.
873 3406 920 3463 Π.
945 3405 1106 3466 ΟΙῖΤοιιο.

177 3520 270 3599 lll‚p.
295 3517 347 3577 79.
393 3517 431 3597 (2)
454 3510 583 3581 Buhle,
606 3513 709 3575 Gesch.
732 3515 784 3574 der
810 3514 883 3573 Phil.
910 3515 960 3590 lll,
986 3534 1016 3592 p.
1033 3515 1109 3576 259.

176 3632 217 3710 (ὅ)
238 3628 349 3708 Wytt.
382 3622 413 3683 (l
441 3623 463 3681 l.
487 3643 518 3701 p.
545 3623 596 3690 99,
618 3623 678 3683 Ph.
707 3622 743 3683 G.
766 3641 834 3683 van
852 3621 1005 3699 Heusdc,
1022 3621 1108 3683 Char.

175 3758 206 3819 p.
232 3736 290 3799 155
318 3747 347 3796 et
366 3734 404 3794 ibi
430 3732 508 3792 laud.
537 3732 654 3791 Barth.
682 3733 725 3790 da
754 3730 805 3790 St.
828 3729 988 3808 Hilaire,
1019 3733 1055 3793 de
1080 3735 1108 3794 la

176 3846 298 3926 legique
323 3845 351 3904 d'
380 3842 562 3915 Aristote,
585 3839 649 3898 Vol.
682 3839 705 3915 l,
732 3857 762 3915 p.
797 3839 845 3898 15.
