2602 4620
606 272 668 341 180

171 456 282 524 enimi
306 453 551 549 prudentiamne
570 454 631 524 deo
653 457 855 525 tribuemus?
911 457 992 523 Nam
1008 459 1115 546 justi-

173 573 236 651 tia,
259 597 350 663 qnae
381 597 475 639 sunm
507 575 622 664 cuique
642 572 837 648 'distribute
861 571 942 664 qnid
973 575 1120 664 pertinet

173 687 213 756 ad
232 687 336 758 deos?
381 692 606 782 Temperantia
630 694 734 757 sutem
760 706 880 758 constat
905 714 944 756 ex
967 706 1120 784 praeter-

172 805 338 895 mittendis
359 807 571 900 voluptatibus
593 811 753 902 corporis.
777 810 829 876 eni
853 809 878 876 si
890 807 976 875 locus
989 808 1025 873 in
1038 808 1127 875 eaelo

176 938 242 1017 est,
278 940 324 988 est
351 926 459 993 ‚etiam
481 925 704 1016 voluptatibus.
748 926 831 992 Nam
849 925 939 992 sertis
960 922 1040 990 deus
1063 924 1123 988 in-

179 1037 274 1126 colligi
305 1047 365 1130 qui
396 1058 498 1130 potest
531 1045 564 1108 in
597 1042 727 1126 dolore,
763 1067 803 1121 an
827 1043 860 1107 in
882 1041 991 1108 labore
1008 1035 1070 1106 sut'
1088 1041 1124 1104 in

178 1157 339 1248 periculo,
373 1184 512 1250 quorum
542 1159 639 1226 deum
673 1159 753 1226 nihil
775 1160 930 1246 attingit?
976 1159 1046 1224 Nec
1066 1182 1123 1221 ra-

179 1273 265 1339 tione
296 1273 391 1359 igitur
422 1291 584 1358 utentem,
622 1299 681 1341 nec
714 1277 829 1341 virtute
851 1273 912 1339 ulla
943 1271 1125 1362 praeditum

175 1385 278 1455 deum
303 1389 474 1477 intelligere
497 1396 557 1483 qui
581 1394 798 1485 possumus''?

225 1509 274 1574 Ne
290 1509 324 1575 in
343 1512 536 1576 orationibus
560 1507 714 1602 quidem,
738 1508 1003 1602 philosophorum
1015 1506 1123 1573 reser-

182 1628 224 1693 tis
242 1628 403 1693 sententiis
427 1601 501 1715 (i),
520 1625 767 1693 Aristotelis
789 1626 953 1693 immemor
975 1625 1127 1692 Cicero

184 1743 256 1825 suit.
285 1745 324 1809 ln
344 1745 486 1810 oratione
504 1745 590 1809 enim
610 1767 671 1832 pro
692 1744 881 1821 Murena,
904 1743 1124 1815 Catonem.

184 1862 264 1948 qui,
290 1871 363 1926 cunt
383 1860 505 1929 Stoicae
526 1859 689 1927 doctrinae
708 1874 784 1924 esset
818 1855 992 1938 addictus,
1021 1858 1124 1944 gravis

183 2003 218 2044 sc
241 1979 410 2045 vehemens
435 1981 637 2046 Murenae
656 1993 816 2045 accusator
827 1976 997 2057 exstiterat,
1011 1975 1127 2041 acriter

183 2093 397 2184 perstringens
422 2093 493 2179 (2)=
554 2095 731 2173 „Nostri”,
770 2093 876 2182 inquit
909 2090 983 2177 (3),
1017 2085 1121 2171 „illia

184 2203 362 2272 Platone
391 2222 424 2271 et
457 2205 727 2283 Aristotele,
758 2202 908 2271 moderati
930 2201 1124 2270 hominem

185 2322 370 2414 temperati,
392 2324 499 2411 ajunt,
523 2320 610 2416 apud
633 2324 806 2413 sapientem
830 2319 929 2386 valere
950 2315 1144 2408 aliqnando,

185 2441 334 2526 grstisma
371 2439 428 2506 viri
459 2440 536 2508 boni
567 2463 630 2504 csse
652 2439 812 2504 irrisereri:
836 2434 984 2502 distincte
1008 2458 1124 2522 genera

184 2581 247 2640 esse
268 2555 481 2639 delictorum,
504 2573 536 2623 ct
557 2553 697 2646 dispares
719 2578 852 2646 poenas:
876 2576 941 2619 esse
958 2550 1044 2645 apud
1059 2551 1124 2618 ho-

186 2674 304 2760 minem
328 2688 523 2754 constantem
543 2667 725 2758 ignoscendi
738 2669 854 2736 locums
878 2670 983 2756 ipsum
992 2669 1126 2759 sapien-

188 2803 251 2857 tem
274 2809 364 2877 saepe
373 2784 493 2876 aliquid
506 2785 646 2876 opinari,
668 2782 756 2874 quod
768 2784 906 2851 nesciatz
930 2784 1022 2848 irasci
1035 2806 1125 2849 non-

187 2927 362 2992 numquam
371 2933 382 2971 :s
408 2902 527 2968 exorari
538 2898 677 2966 eundem
692 2917 724 2966 et
734 2900 869 2992 placarit
894 2896 983 2989 quod
994 2896 1128 2982 dixerit,

185 3017 360 3101 interdum,
381 3019 406 3083 si
419 3019 459 3084 ita
472 3017 585 3086 rectius
603 3018 656 3101 sit,
669 3034 800 3084 mutare:
813 3014 854 3082 dc
863 3017 1016 3105 sententia
1025 3012 1125 3083 deec-

187 3136 263 3202 dere
281 3135 471 3226 aliquandos
495 3160 602 3203 omncs
623 3136 753 3202 virtutes
764 3133 978 3202 mediocritate
987 3130 1128 3225 quadam

187 3275 251 3320 csse
275 3250 459 3318 moderatas,
502 3253 567 3317 Hos
586 3248 626 3315 sd
643 3253 807 3337 magistros
827 3252 853 3317 si
874 3276 939 3342 qna
965 3267 996 3316 te
1015 3249 1126 3316 fortu-

189 3394 253 3454 na,
276 3371 382 3453 Cato,
407 3392 481 3435 cnm
502 3368 557 3432 ista
583 3384 692 3433 natura
716 3365 898 3451 detulisset,
922 3391 987 3434 non
1002 3383 1037 3432 tu
1046 3367 1126 3456 qui·
1168 3403 1170 3407 <

231 3603 271 3679 (d)
294 3601 346 3663 cn.
392 3600 491 3659 Parad.
522 3603 649 3677 probem.
676 3595 752 3656 Orat.
777 3615 805 3656 c.
832 3598 873 3673 d,
894 3597 929 3656 de
953 3594 1034 3655 Oret.
1059 3615 1129 3674 pss-

188 3711 260 3786 sim,
284 3713 318 3772 de
343 3710 399 3770 ott.
426 3711 446 3776 i,
480 3710 506 3776 i,
537 3709 618 3769 Tusc.
643 3708 680 3785 lt,
701 3708 732 3782 5,
758 3707 871 3786 Wytt,
906 3705 1123 3778 steterint,

187 3839 221 3897 ρ.
260 3821 330 3878 5ct
354 3808 383 3886 ’1,
413 3819 653 3887 Kushncr,0.
681 3819 701 3876 l.
729 3837 760 3896 p.
799 3816 849 3893 56,
877 3817 934 3874 5¹1,
975 3816 1015 3894 (2)
1039 3811 1133 3876 css·

185 3950 247 4011 sqq.
291 3929 330 4008 (5)
352 3947 379 3984 c.
409 3928 459 3986 30.
485 3929 528 3987 Cs.
552 3931 598 3989 de*
616 3929 678 3989 sta.
698 3929 747 4005 tv,
776 3929 827 3995 27,
