2602 4620
621 259 659 325 15

175 445 225 510 bri
247 459 345 525 sunt,
381 440 435 508 sed
468 465 648 509 communes
683 441 848 509 hominum
884 466 949 510 non
976 441 1107 509 rudium

175 582 261 632 extra
294 563 432 635 scholam
453 588 610 634 sermones
641 564 846 655 notionesque
883 583 914 632 et
946 569 1003 639 τοῖς
1029 566 1106 630 κατὰ

176 691 341 781 φιλοσοφίαν
366 689 459 779 λόγοις
485 689 633 757 contrarii
653 693 855 776 ponuntur.“

219 807 275 872 His
303 805 398 891 igitur
430 803 557 872 divorsis
587 804 790 894 opinionibus
818 804 956 873 breviter
980 806 1107 896 exponi·

176 924 238 1004 tis,
261 922 491 1011 comparatione
510 921 673 1005 instituta,
711 918 773 988 hoc
799 919 881 985 mihi
906 918 1110 986 statuendum

176 1061 239 1105 csse
265 1034 411 1121 videtur3
440 1035 751 1103 Aristotelem
772 1037 894 1124 ipsum,
919 1037 1026 1127 prouti
1047 1060 1108 1104 nec

175 1171 306 1244 systema
334 1151 498 1248 quoddam
530 1150 690 1232 condidit,
732 1155 774 1220 iu
803 1176 932 1243 quoque
960 1153 994 1217 in
1026 1155 1109 1223 scti-

177 1269 284 1337 bendo
320 1268 555 1337 distinctionem
601 1268 720 1335 nullam
763 1270 981 1362 proposuisse;
1027 1273 1109 1339 vocis

178 1395 255 1464 adeo
277 1395 452 1486 ἐσωτερικῶν
483 1418 575 1461 nsum
608 1394 820 1460 recentiorum
847 1417 911 1459 esse
943 1418 1108 1463 commen-

180 1529 271 1596 tnm3
315 1512 457 1600 primum
494 1509 597 1590 enim,
641 1509 676 1572 ni
722 1505 835 1590 fallor,
881 1508 969 1600 apud
1013 1508 1109 1577 Cle·
1160 1572 1167 1584 ,
1199 1577 1201 1580 .

179 1642 372 1691 mentem
402 1620 771 1691 Alexandrinum
803 1638 903 1688 exstet
937 1622 998 1711 (l)
1042 1626 1113 1693 Vox

182 1765 286 1813 nutem
329 1745 510 1837 ἐξωτερικὰ,
556 1769 656 1834 qnae,
708 1762 746 1811 ut
777 1748 845 1832 jam
887 1748 946 1813 rite
989 1753 1113 1816 monuit

183 1865 204 1930 S
220 1879 256 1929 ta
268 1863 290 1930 h
301 1866 404 1946 rius,
431 1886 496 1930 non
514 1860 680 1929 definitum
702 1861 799 1929 habet
828 1862 1110 1950 significationem,

181 1981 271 2045 unice
293 1978 432 2048 indicare
455 1978 603 2063 videtur,
628 1982 763 2070 clt'quid
773 2031 783 2065 ,
808 1983 899 2071 quod
917 1995 1015 2052 extro
1042 2009 1112 2052 rem

179 2105 344 2190 potitum,
390 2125 413 2165 u
451 2123 489 2166 re
520 2101 667 2166 alienum
705 2111 755 2167 est
776 2101 856 2194 (2),
897 2127 977 2192 quae
1019 2104 1112 2190 igitur

182 2214 289 2296 notio,
311 2228 348 2277 nt
375 2228 487 2304 sponte
510 2229 656 2304 apparet,
681 2237 742 2303 pro
765 2211 887 2283 diverso
910 2216 1024 2301 ιιιοᾶο,
1048 2243 1115 2307 quo

183 2327 259 2396 hacc
291 2350 350 2396 vox
375 2329 546 2395 contrariae
580 2329 648 2395 voci
681 2332 875 2421 opponitur,
908 2331 1027 2401 diverse
1052 2357 1116 2402 esce

184 2452 300 2534 debet3
317 2466 422 2542 potest
433 2453 528 2536 igitur
552 2451 697 2519 hnecvox
707 2451 840 2542 quidem
856 2457 988 2544 opponi,
1001 2456 1049 2522 vel
1061 2461 1117 2530 τοῖς

184 2578 376 2666 ἀκροατικοῖς,
391 2589 429 2639 nt
439 2589 569 2655 censent
580 2573 745 2658 Gellius,
760 2574 948 2661 Galenus,
960 2578 1115 2646 Ammo-

186 2726 207 2765 n
221 2703 305 2782 ius,
332 2700 496 2764 Eustrn
511 2700 618 2781 tius,
653 2699 702 2767 vel
730 2703 787 2775 τοῖς
813 2700 987 2793 ἐσωτερικοῖς
1010 2702 1115 2793 λόγοις,

185 2835 221 2882 ut
244 2812 1114 2913 ClemensAlexandrtnnsetLuctanus,

185 2940 232 3006 vel
262 2941 528 3020 commentatum,
552 2954 588 3004 ut
609 2939 801 3023 Cicero,
840 2941 887 3009 vel
925 2945 982 3018 τοῖς
1012 2944 1117 3019 ἠθικοῖς

187 3079 218 3128 et
241 3064 298 3134 τοῖς
323 3084 450 3150 φνσικοις
476 3058 705 3148 ὑπομνήμασιν,
735 3079 772 3128 ut
818 3065 1031 3138 Plutarch
1045 3095 1115 3157 us,

231 3425 316 3500 (lli.
341 3425 414 3503 lp
448 3427 570 3506 9disp
600 3448 628 3488 ιι,
675 3428 714 3505 (2)
744 3426 789 3488 Cs.
835 3428 964 3489 Arist.
996 3431 1116 3508 Poll

190 3537 229 3611 5,
272 3555 303 3612 p
333 3533 468 3609 tutta
473 3537 560 3595 ,ὄᾶ
600 3540 663 3599 ἀλλ’
637 3542 669 3599 λοι
699 3548 784 3600 ταῦτα
813 3565 858 3618 μιν
887 3564 950 3606 tunc
968 3545 1120 3622 ἐξωτερικω-

188 3654 262 3726 τέρας
284 3648 326 3714 ici
359 3649 470 3724 οιὲψιως
511 3658 539 3707 et
567 3647 630 3708 Pol.
656 3645 702 3723 ll,
729 3645 767 3712 6,
792 3662 823 3721 p·
851 3645 939 3716 1264,
968 3647 996 3708 b.
1020 3649 1070 3712 59,
1095 3659 1120 3715 οἱ

189 3757 285 3827 diuite
306 3759 388 3833 λόγοι,
