2602 4620
574 361 634 430 201

138 520 281 646 corporis
307 571 367 614 nec
387 547 535 635 membris
553 547 600 610 uti
620 568 680 612 uec
699 548 840 612 sensibus
865 545 989 638 potest,
1012 551 1070 616 iu-

67 743 69 748 *
138 667 217 735 cidit
243 669 279 733 iu
310 665 370 732 visa
400 665 480 731 varia
511 678 543 729 et
566 664 771 746 incerto‚'ex
793 663 952 753 reliquiis,
976 682 1011 732 ut
1029 669 1072 733 ait

138 779 404 860 Aristoteles,
438 778 674 845 inhaerentibus
692 802 799 845 earum
821 804 953 864 rerum,
990 780 1072 873 ¹qum

140 896 267 982 vigilans
290 896 414 982 gesserit
436 909 490 960 aut
511 895 699 980 cogitaverit
729 897 1071 986 Quarum'perturbo-

140 1014 223 1081 tione
257 1010 411 1078 mirabiles
436 1007 597 1091 interdum
623 1011 776 1076 exsistunt
797 1014 915 1104 species
932 1016 1073 1081 somnio-

139 1129 246 1194 rum”.
308 1128 355 1193 Ea
389 1124 651 1207 Aristoteles,
676 1143 740 1192 tam
771 1130 804 1193 in
827 1129 1075 1200 Problematibus

140 1250 216 1330 auis,
250 1270 347 1335 quam
370 1246 405 1310 iu
429 1243 554 1310 laudato
574 1245 751 1331 fragmento
773 1264 805 1313 et
831 1251 865 1315 in
880 1249 987 1318 libello
1008 1254 1073 1343 περὶ

140 1371 292 1450 ἐνυπνίων,
315 1365 453 1435 tradidit.

185 1469 294 1572 Magni
315 1486 554 1551 Ciceronem
574 1484 680 1552 iecisse
694 1486 1072 1560 Aristotelisdesom-

48 1669 52 1676 ,
141 1603 199 1667 niis
236 1602 420 1665 seutentiam
440 1598 502 1664 hoc
524 1600 646 1684 egregio
665 1598 753 1681 loco,
778 1625 844 1690 quo
861 1587 1075 1689 fragmentum

140 1740 178 1781 ex
213 1712 387 1780 Eudemo
420 1713 513 1779 latine
546 1715 728 1804 expressisse
760 1713 884 1782 ridetur
911 1719 981 1809 (l),
1004 1726 1074 1790 satis

140 1847 294 1920 apparet:
340 1827 484 1917 „Quidi
519 1827 667 1914 singulari
695 1830 742 1895 vir
763 1816 888 1916 ingenio
913 1835 1073 1906 Aristo·

140 1945 263 2028 tales,⁴
285 1962 317 2011 et
345 1965 447 2034 paene
480 1941 609 2023 divino,
645 1944 754 2032 ipsene
784 1933 888 2030 errat,
925 1975 966 2017 au
991 1927 1074 2022 'ulios

137 2062 208 2128 -vult
230 2062 361 2128 mare?
386 2082 489 2146 quum
511 2058 643 2139 scribit,
666 2050 887 2128 Eudemum
906 2065 1072 2154 Cyprium,

139 2179 320 2247 familiarem
357 2171 472 2254 suum,
507 2176 565 2239 iter
598 2176 631 2238 iu
656 2175 875 2244 Macedoniam
908 2164 1074 2255 facientem

140 2296 256 2361 Pheras
276 2292 416 2373 venisse3
430 2327 476 2340 -
503 2290 537 2352 in
562 2312 599 2354 eo
612 2290 712 2374 igitur
733 2290 855 2381 oppido
875 2296 916 2359 ita
940 2303 1073 2383 graviter

140 2430 267 2495 aegrum
289 2404 510 2472 Eudemum
532 2404 645 2484 fuisse,
670 2420 706 2469 ut
724 2429 831 2473 omues
856 2408 970 2477 medici
980 2411 1070 2480 ‹lilli-
1126 2412 1137 2436 ⁶

140 2522 275 2588 dercut=
310 2521 337 2583 ei
369 2520 469 2586 visum
499 2519 533 2582 iu
563 2519 670 2606 quiete
690 2512 806 2604 egregia
829 2520 907 2589 facie
922 2527 1074 2606 juvenem

141 2642 266 2719 dicere,
288 2635 376 2715 sore,
399 2650 436 2699 ut
453 2634 601 2721 perbrevi
630 2634 879 2721 convalesceret3
905 2644 1094 2734 paucisque-

135 2754 252 2820 -diebus
274 2752 478 2818 interiturum
502 2748 773 2816 Alexandrum
793 2767 988 2848 tyrannum,
1017 2759 1073 2850 ip-

143 2894 212 2936 sum
230 2885 333 2934 autem
363 2864 583 2932 Eudemum
605 2867 828 2954 quinquennio
850 2886 922 2960 post
941 2871 1075 2946 domurn

133 3011 371 3037 ‚..........-

143 3102 212 3163 τοῦτ’
232 3106 288 3170 iria
307 3106 444 3167 ἐνύπνιον,
466 3093 561 3153 Probl.
592 3107 625 3165 Α,
656 3091 678 3173 ᾗ
704 3096 752 3152 il.
794 3087 866 3155 Coll'.
907 3086 1074 3179 Stab'rio,

146 3209 178 3273 ll,
207 3228 237 3284 p.
270 3206 338 3265 158.
372 3205 443 3277 Quia
465 3205 636 3282 problemata
658 3205 741 3264 totius
763 3204 1003 3271 Aristoteliae
1027 3198 1078 3273 do-

145 3316 249 3375 ctrinae
276 3316 353 3391 quasi
377 3315 489 3372 brevem
510 3325 687 3390 conspectum
716 3316 866 3391 praebent,
895 3319 975 3378 valde
988 3340 1079 3397 quae·

145 3428 235 3492 ritur,
271 3438 361 3484 utrum
397 3424 612 3484 Aristotelis
646 3443 679 3483 an
713 3425 901 3501 epitomatoris
938 3431 1079 3508 cujusdam

146 3537 199 3595 sint
233 3535 370 3602 dicenda;
405 3545 527 3592 ceterum
550 3531 709 3600 Stahrio,
733 3530 861 3595 statuenti
887 3534 956 3595 haec
984 3537 1079 3597 aci-

146 3645 282 3709 cerone
310 3644 381 3702 lecta
412 3643 518 3707 fuisse,
547 3659 601 3701 nou
628 3660 761 3720 repugno.
815 3644 854 3718 (l)
876 3633 912 3702 A'.
949 3642 983 3704 C.
1013 3667 1077 3708 van

145 3753 309 3825 lleusde,
347 3748 383 3809 0.
425 3751 445 3809 l.
481 3769 511 3827 p.
552 3751 602 3817 59,
646 3764 710 3810 nota
756 3752 783 3825 l,
818 3751 889 3810 huno
916 3754 1017 3813 locum
1043 3775 1078 3817 ex

136 3860 394 3922 Aristotelis
438 3878 523 3936 opere
552 3867 607 3941 περὶ
628 3873 674 3928 τῆς
694 3861 748 3920 καθ’
768 3866 846 3922 traua
872 3875 1019 3940 μαντικῆς,
1048 3885 1075 3926 0·

147 3976 177 4052 2,
207 3975 340 4035 excidisse
369 3972 505 4050 opinatur.
