2602 4620
265 494 380 589 tentiae
402 519 588 610 „Quintum
608 538 727 604 genus,
751 539 768 582 e
794 539 861 606 quo
881 533 985 584 essent
1004 533 1086 586 astra
1109 543 1211 590 men·

266 654 399 727 tesque,
419 633 593 722 singulam,
615 654 789 723 eorumque
815 629 1072 723 (elementorum)
1092 654 1214 730 quat.

266 768 337 818 tnor
358 748 504 818 dissimile
526 748 804 817 Aristotcles
839 745 996 839 quiddam
1019 773 1087 818 esse
1107 755 1208 820 reba-

267 869 354 934 tur''.
400 868 484 934 Hinc
518 889 648 960 quoque
681 866 798 932 frustra
820 867 1010 956 interpretes
1034 866 1210 938 Aristo-

268 983 372 1051 telis
402 983 469 1051 loca
503 982 745 1074 quaesiverunt,
776 1004 858 1072 quae
879 1006 954 1050 cum
975 983 1215 1076 Ciceronis

267 1103 341 1172 locis
363 1117 586 1195 compararent
611 1098 673 1191 (l).

310 1217 402 1286 idem
431 1218 588 1287 affirmare
610 1218 754 1305 cogimur
771 1214 813 1284 dc
837 1217 1110 1289 Aristotelis
1130 1243 1213 1287 seu-

269 1335 399 1415 teutiis‚
431 1357 509 1424 quas
539 1333 699 1402 Cicero
727 1332 855 1418 attulit3
879 1330 922 1401 de
942 1334 1090 1419 mundo,
1115 1361 1215 1428 quem

268 1472 445 1538 numquam
473 1463 580 1515 ortum
600 1469 664 1512 esse
686 1463 813 1532 censet,
837 1447 952 1539 „quod
976 1448 1063 1517 utdla
1090 1451 1215 1532 fuerit,

266 1589 350 1634 novo
377 1563 506 1638 oonsilio
536 1563 632 1646 inito,
667 1579 733 1632 tam
753 1563 904 1656 praeclari
927 1567 1031 1660 operis
1049 1567 1213 1662 inceptio,

179 1738 182 1742 .
269 1698 302 1750 et
326 1683 369 1747 ita
392 1704 466 1749 eum
490 1702 553 1749 esse
577 1676 721 1771 undique
743 1694 880 1772 aptum,
902 1697 941 1748 nt
957 1680 1100 1752 nullavis
1111 1700 1215 1754 tentos

270 1810 367 1885 queat
387 1808 490 1862 motus
512 1793 781 1884 mutationemque
802 1791 930 1876 moliri,
958 1792 1043 1862 nulla
1066 1814 1215 1867 senectus

269 1911 478 1978 diuturnitate
501 1925 684 1999 temporum
701 1912 856 1988 exsistere,
878 1911 978 1980 uthis
991 1929 1120 1982 ornatus
1131 1940 1210 1982 um·

270 2049 367 2117 quam
387 2023 525 2114 dilapsus
544 2022 691 2093 occidat''
714 2024 789 2115 (2);
818 2020 865 2093 'de
887 2038 999 2097 motus
1022 2031 1117 2113 „Nec
1138 2055 1215 2101 vero

271 2136 555 2205 Aristoteles
580 2163 646 2206 non
666 2138 842 2208 laudandus
862 2143 967 2234 inco,
991 2143 1214 2236 quodomnia,

271 2281 352 2350 qnne
384 2271 574 2340 moventur,
611 2272 665 2323 ant
689 2273 800 2325 natura
820 2262 938 2330 moveri
961 2263 1080 2330 censuit
1098 2280 1153 2331 aut
1180 2266 1213 2334 vi

270 2393 325 2444 aut
354 2372 538 2448 voluntate:
572 2376 689 2442 moveri
725 2393 829 2443 autem
860 2375 970 2473 solem:
989 2396 1022 2447 et
1043 2379 1153 2449 lunam
1179 2399 1213 2450 et

270 2493 372 2562 sidera
394 2491 516 2560 omnies
544 2516 625 2584 quae
643 2509 748 2561 autem
761 2511 872 2562 natum
885 2515 1106 2586 moverentur,
1130 2499 1212 2571 haec

270 2626 325 2678 aut
361 2605 504 2698 pondere
538 2604 688 2675 deorsum
714 2624 769 2694 aut
800 2607 1087 2683 leviute'subtime
1102 2614 1186 2688 ferri
1198 2665 1211 2698 ,

270 2749 408 2815 quorum
429 2738 578 2791 neutrum
599 2723 689 2790 astris
697 2725 911 2814 contingeret,
933 2745 1099 2823 propterea
1117 2731 1210 2822 qnod

268 2864 379 2907 eorum
410 2854 513 2906 motus
539 2839 574 2904 in
605 2841 716 2907 orbem
735 2841 922 2934 circumque
944 2843 1103 2927 fermtur''
1128 2844 1205 2935 (3);
1275 2921 1280 2926 ,

269 2954 310 3023 de
328 2957 458 3047 spolio:
502 2952 614 3040 „Nihil
631 2972 700 3041 est,
725 2957 814 3049 quod
839 2975 927 3030 vacet
945 2985 1102 3054 corpere3
1127 2989 1209 3034 mr.

311 3246 350 3324 (1)
373 3245 419 3306 Cf.
451 3246 570 3324 Krug,
608 3245 644 3306 Ο.
687 3247 708 3306 1.
747 3267 778 3326 p.
818 3249 997 3327 117,118.
1040 3249 1080 3328 (1)
1118 3248 1210 3314 dead.

267 3359 305 3435 11,
336 3354 387 3415 58.
418 3353 507 3432 Vulgo
527 3353 692 3434 interpretes
719 3355 836 3417 aderunt
859 3356 978 3418 Arist.
1003 3357 1039 3418 de
1067 3357 1157 3419 Coelo
1182 3361 1207 3436 1,

270 3468 318 3537 11),
360 3466 410 3544 11,
453 3463 490 3541 ΙΙ,
538 3465 565 3525 1.
608 3465 649 3535 (ὅ)
683 3465 719 3526 de
746 3463 782 3524 N.
802 3465 837 3526 D.
866 3468 903 3544 lt,
937 3468 987 3529 16.
1014 3466 1208 3532 Davisius

267 3576 391 3639 eudemo
425 3560 560 3655 praecipit
597 3574 718 3636 Arist.
750 3574 786 3634 de
817 3574 906 3638 Coelo
933 3576 969 3655 11,
996 3575 1067 3647 8et
1093 3577 1141 3645 111,
1171 3580 1207 3658 1,

268 3682 624 3766 wyttenbachius,
663 3682 699 3761 11,
742 3684 790 3746 11.
823 3683 876 3746 811.
912 3683 1018 3747 Teon.
1047 3685 1206 3775 (1.1111,

266 3815 297 3872 p.
329 3795 398 3873 171,
435 3794 504 3871 115,
541 3793 680 3861 Stahr,
719 3795 754 3864 11,
780 3813 813 3876 p.
847 3796 916 3874 189,
947 3797 995 3876 qui
1009 3797 1102 3861 laudat
1115 3797 1206 3882 Phys.

267 3901 303 3976 V,
333 3904 362 3967 5,
387 3904 407 3962 9
431 3916 460 3963 et
486 3902 680 3981 Krische,
710 3904 745 3965 0.
771 3906 792 3966 Ι.
820 3925 852 3986 p.
878 3906 939 3970 188
960 3925 1022 3990 sqq.
