2602 4620
620 291 660 355 te

170 485 235 560 κοὺς
261 484 359 571 λόγους
381 479 564 548 referendos
587 502 650 546 esse
672 497 703 545 et
726 504 791 548 non
813 482 915 547 minus
930 484 1115 567 argumenti*

173 601 349 667 diversitate
371 623 466 688 qnam
488 599 639 663 sermonis
661 596 809 682 elegantia
832 613 864 662 et
887 595 1017 664 dicendi
1041 615 1108 665 arte

172 744 189 780 n
212 714 320 782 ceteris
342 714 465 804 scriptis
488 710 693 803 discrepuisse
715 713 887 800 opinatur3
919 738 1000 802 quae
1021 716 1108 780 enim

171 846 272 896 essent
295 851 378 894 mere
401 826 591 916 philosopha
612 827 654 893 ab
677 826 938 894 Aristotele
972 851 1010 895 co
1030 845 1106 895 tan·

173 961 242 1012 tum
253 945 416 1036 proposito
437 964 499 1009 esse
522 942 684 1026 confecta,
710 958 749 1008 ut*
768 941 1030 1032 praelectionibus
1050 947 1106 1010 irt-

175 1063 338 1143 servirent,
359 1075 391 1124 et
408 1076 516 1150 postea
539 1056 691 1137 demum,
714 1056 761 1124 rel
782 1059 822 1124 ab
847 1083 884 1124 eo
902 1061 983 1150 ipso,
1007 1059 1108 1127 veleb

174 1184 242 1269 ejus
276 1177 453 1269 discipulis,
475 1177 568 1243 fuisse
605 1175 687 1241 edita
718 1173 787 1262 (ὓς
826 1175 905 1242 hinc
926 1177 1022 1262 igitur
1043 1199 1109 1240 esse

174 1295 384 1387 repetendum
417 1293 505 1386 quod
537 1296 571 1360 in
597 1294 753 1385 prioribus
778 1293 903 1382 scriptis
930 1290 1017 1358 haud
1038 1314 1109 1358 raro

177 1414 217 1482 ad
241 1414 411 1506 posteriora
433 1411 549 1477 referre
571 1409 666 1476 soleat
688 1408 747 1498 (2).

220 1527 496 1614 Madvigius,
531 1526 587 1616 qui
608 1548 700 1616 saepe
720 1523 901 1592 Stahrii
924 1526 1123 1590 seutentiam-

179 1649 271 1712 nimis
292 1645 443 1730 exagitare
465 1638 611 1722 videtur,
649 1639 845 1727 Hegelii‚
882 1641 938 1730 qni
967 1638 1110 1725 dogmata

177 1764 321 1832 esoterica
343 1775 376 1825 et
395 1757 547 1824 exoterica
569 1754 653 1823 nulla
674 1755 765 1822 fuisse
787 1770 910 1836 conset,
941 1757 1112 1821 sententiae

178 1883 273 1967 magis
315 1875 496 1960 suffragatus
525 1872 594 1960 (3)=
639 1871 1011 1954 „Aristotelesf‘
1052 1873 1109 1938 in-

181 1999 252 2088 quit
272 1992 345 2079 (4),
378 2012 519 2077 „neque
548 1989 718 2074 generatim
747 1987 847 2055 libros·
870 2012 940 2056 suos
962 1987 1110 2083 descrip-

179 2115 242 2194 sit,
280 2128 387 2194 neque
418 2101 571 2192 quosdam
606 2103 751 2171 occultos
767 2103 904 2190 habuit,
939 2107 998 2172 nisi
1023 2106 1112 2198 quod

179 2222 325 2294 nonnulli
360 2244 437 2287 non
459 2218 598 2288 celeriter
630 2214 765 2287 consecti
797 2237 883 2289 sunt.
925 2223 992 2310 Qui
1026 2220 1113 2314 apud

181 2354 285 2442 ipsum
313 2346 471 2438 ἐξωτερωωί
499 2347 577 2435 λόγοι
601 2364 887 2415 commemorantur
899 2399 909 2432 ‚
937 2350 958 2413 ii
981 2373 1048 2416 non
1070 2349 1113 2416 li-

225 2666 252 2740 t)
297 2684 327 2740 p.
368 2663 420 2722 28.
463 2663 541 2723 Haec
565 2663 624 2722 sere
658 2662 709 2721 suit
741 2663 910 2741 Koppii
944 2683 1054 2743 quoque
1079 2668 1114 2726 de

183 2748 373 2832 acroamaticis
401 2771 559 2829 sententia:
606 2770 720 2830 uDiese
745 2772 980 2834 aliroarnatischen
1006 2774 1115 2835 Schrif-

184 2896 230 2940 ten
273 2880 323 2939 des
350 2878 647 2939 Aristoteles
690 2896 783 2940 waren
817 2887 1032 2965 ὑπομνηματικὰ,
1073 2886 1114 2944 sie

183 3010 275 3051 waren
305 2987 502 3049 Cornmcmarii
531 2987 726 3064 (Handbircher
749 2991 803 3050 als'
819 2991 976 3072 Grundlage
999 3017 1032 3056 zu
1056 2999 1116 3057 sei-

184 3123 239 3163 ncn
251 3100 473 3176 Vorlesnngen)‚
496 3119 590 3160 waren
608 3102 748 3163 vielleicht
767 3109 942 3185 ausgegebcn
964 3109 1004 3168 als
1017 3108 1117 3170 Hand-

184 3209 280 3274 schrift
304 3209 348 3269 lin
373 3208 449 3268 scine
472 3209 615 3288 tutiora,
657 3213 726 3272 oder
746 3214 799 3276 wie
819 3232 896 3278 sonat
917 3218 1045 3280 dieserlei
1064 3220 1116 3280 Ti-

186 3319 225 3379 tel
246 3318 329 3378 heute
354 3336 387 3376 zu
410 3317 485 3396 Tage
512 3318 642 3381 lauten.”
683 3321 784 3381 Rhein.
819 3324 891 3386 Mus.
920 3328 982 3405 tlt,
1012 3330 1048 3397 1,
1082 3351 1113 3408 p.

190 3429 258 3491 tor.
304 3428 349 3506 (Ἡ
367 3426 508 3507 itiner,
533 3447 563 3510 p.
587 3433 638 3492 29.
656 3428 739 3494 Ha'co
751 3448 844 3498 autem
865 3439 926 3499 loca
954 3420 1040 3502 relata
1060 3464 1116 3504 non

185 3542 238 3600 nisi
259 3551 376 3618 postea,
407 3540 506 3602 sivea
526 3541 679 3621 discipulis,
709 3544 768 3607 sive
799 3566 815 3607 a
841 3553 1114 3631 commentatorihus,

186 3650 382 3712 commodioris
409 3651 641 3730 interpretationis
669 3655 756 3730 gratia
783 3656 943 3721 intercalata
979 3682 1040 3724 esse
1077 3666 1118 3726 vi-

187 3754 1116 3853 mummmnmumpmm

187 3888 216 3947 p.
243 3864 313 3927 861.
