2602 4620
671 40 706 93 ’s

620 304 682 376 130

82 559 84 565 .
170 510 243 579 eet,
266 495 324 586 qui
349 492 503 562 ciuitatem
525 492 744 580 gubernantur
762 491 854 580 louge
875 493 1119 587 anteponendos

178 633 242 676 esse
273 608 383 678 duxite
431 606 557 693 „Nihil
578 609 711 692 enim’',
734 608 843 699 inquit
866 607 938 699 (l),
964 609 1118 695 „dieitur
1209 663 1211 669 .

178 750 198 790 a
225 723 422 818 philosophis
433 772 445 808 ,
469 720 559 812 quod
579 720 712 811 quidem
731 739 817 791 reete
838 712 1041 816 honesteque
1062 725 1120 793 dt·
1140 730 1157 760 ’-

173 819 292 925 'eatur,
324 837 413 932 quod
445 862 510 906 nou
526 868 528 873 ·
547 839 587 904 ab
612 837 661 904 hia
682 854 810 930 partum
827 839 1121 932 confirmatumque

50 1010 53 1013 .
173 958 241 1039 ait,
263 983 280 1022 a
301 957 419 1046 quibus
439 955 615 1022 civitatibus
629 957 702 1042 jura
723 953 883 1046 deaeuipta
901 971 988 1025 suut.
1026 953 1123 1024 Unde

177 1074 268 1140 ¹enim
299 1074 428 1164 pietas?
464 1087 558 1136 auta
591 1072 710 1161 quibus
731 1069 864 1156 teligio?
888 1069 976 1138 uude
992 1075 1051 1160 jue
1070 1088 1124 1140 aut
1154 1107 1155 1110 ¹

174 1190 346 1276 gentium,
368 1204 422 1254 aut
442 1186 504 1255 hoe
526 1188 632 1278 ipsum
654 1185 743 1254 eivile
766 1185 855 1278 quod
864 1185 1014 1258 dieitur?
1037 1187 1125 1258 unde

174 1305 322 1394 justitia,
356 1301 461 1384 fides,
496 1303 660 1392 aequitas?
694 1301 782 1369 unde
801 1301 927 1393 pudor,
951 1308 1125 1374 eontinen-

183 1422 247 1500 tia‚
269 1420 343 1509 fuga
365 1418 595 1513 turpitudinis,
623 1423 805 1511 appetentia
829 1422 931 1490 laudis
946 1441 980 1491 et
1004 1424 1123 1494 boues-

183 1539 279 1607 tatia?
316 1536 403 1604 unde
435 1538 469 1603 in
499 1536 660 1604 labouibus
692 1555 724 1604 et
759 1537 908 1629 perieulis
943 1539 1125 1610 fortitudo?

178 1657 308 1748 Nempe
324 1657 365 1722 ab
388 1655 458 1738 his,
482 1655 538 1746 qui
561 1653 639 1723 haee
657 1653 834 1748 disciplinis
860 1655 1046 1743 informata,
1069 1656 1128 1726 alia

182 1775 323 1842 moribus
357 1771 611 1850 confirmarunt,
643 1762 815 1839 sanxerunt
841 1789 947 1840 autem
965 1773 1025 1842 alia
1046 1775 1124 1864 legi·

179 1867 309 1956 husss—
332 1889 416 1976 Ergo
434 1887 505 1968 ille,
542 1889 624 1955 cives
647 1889 704 1979 qui
729 1887 762 1953 id
785 1889 868 1975 eogit
885 1912 996 1956 omnes
1018 1891 1124 1984 impe·

182 2006 230 2072 rio
250 2003 420 2093 legumque
443 2026 568 2095 poena,
592 2002 682 2092 quod
718 2005 770 2072 vix
801 2006 911 2096 >pauoiu
937 2004 1127 2093 pemadere

182 2120 322 2186 oratione
354 2116 533 2208 philosophi
572 2097 726 2210 possunt,
760 2121 854 2187 etiam
867 2121 955 2204 duis,
989 2123 1048 2212 qui
1073 2121 1125 2188 illa

180 2233 371 2326 disputant,
395 2234 472 2325 ipsis
493 2249 540 2300 est
563 2233 787 2326 praeferendus
809 2220 1002 2305 doctoribus.
1036 2239 1129 2326 Quae

183 2369 231 2419 est
251 2352 336 2419 euim
358 2352 492 2419 istorum
511 2354 610 2421 oratio
632 2369 694 2418 tam
712 2354 890 2443 exquisita,
914 2378 996 2444 quae
1012 2356 1128 2421 situu-

185 2466 373 2558 teponenda·
399 2468 480 2533 bene
515 2469 700 2534 constitutae
720 2469 837 2535 civitati
855 2468 985 2560 publico
998 2470 1073 2556 jure
1095 2485 1130 2536 et

183 2586 349 2653 moribus?
393 2583 553 2674 Equidem
576 2583 846 2674 quemadmodum

342 2699 446 2768 Urbes
466 2721 610 2789 magnae
632 2711 733 2788 alque
755 2705 971 2790 imperiosae,

184 2830 220 2879 ut
261 2811 397 2903 appellat
444 2814 621 2893 Ennius,
653 2814 761 2882 viculis
796 2831 828 2882 et
864 2813 992 2882 castellis
1029 2840 1126 2908 prae-

194 2991 398 3006 *nu——

183 3073 346 3150 sapientiam
373 3072 562 3152 intelligebat,
585 3093 668 3154 quam
693 3075 797 3151 Stoici,
821 3076 871 3136 sed
885 3093 973 3151 eam,
995 3087 1026 3134 ut
1040 3075 1129 3140 refert

188 3180 216 3239 iu
238 3180 384 3251 Laelio,
409 3201 437 3242 e.
453 3182 505 3261 26,
518 3203 588 3263 quae
603 3185 748 3246 videturiu
762 3185 901 3246 homiuem
914 3185 1016 3246 eadere
1029 3202 1128 3264 posse.

184 3287 239 3350 co.
272 3288 383 3350 Arist.
419 3291 458 3350 Μ.
497 3293 537 3353 Μ.
577 3292 600 3370 l,
644 3295 695 3371 35,
732 3315 763 3374 p.
793 3297 884 3371 1197,
910 3296 939 3354 b.
967 3295 1008 3354 27
1038 3313 1127 3374 susp:

181 3395 336 3483 Ἀπορήσιιι
356 3400 414 3462 δ’ίίν
433 3429 472 3472 τις
491 3409 536 3464 καὶ
556 3412 719 3485 θαυμάσειε,
742 3408 845 3480 διὰτί,
866 3407 931 3486 ὑπῦρ
950 3411 1019 3470 ἠθῶν
1040 3410 1130 3485 λέγω·

184 3523 225 3578 tu
254 3514 298 3570 καὶ
330 3514 466 3579 πολιτικῆς
497 3513 565 3580 τινὸς
583 3519 786 3592 πραγματείας,
817 3515 881 3592 ὑπᾶρ
901 3517 993 3592 σοφίας
1011 3515 1130 3592 λέγομιν.

183 3614 225 3677 lm
242 3619 306 3686 ἴσως
324 3644 355 3696 γε
374 3629 475 3698 πρῶτον
495 3623 541 3698 μὲν
562 3617 745 3700 οὐδ’ἀλλοτρὶα
766 3624 863 3693 δόξειεν
884 3619 917 3680 ἄν
947 3618 1014 3679 εἶναι
1032 3625 1051 3683 ἡ
1070 3625 1134 3678 σκί-

89 3777 91 3783 .
181 3727 224 3800 ψις
253 3731 269 3789 ἡ
305 3727 369 3804 ὑπὲρ
389 3732 490 3798 αὐτῆς,
512 3728 582 3806 εἴπερ
602 3731 658 3796 leia
678 3732 756 3807 ἀρετή
779 3755 805 3788 κ.
825 3753 852 3790 τ.
875 3732 900 3788 λ.
924 3725 997 3786 Nie.
1020 3723 1067 3799 Vl,
1093 3726 1126 3801 7,

185 3825 267 3887 llud.
302 3830 337 3896 V,
368 3833 398 3897 7,
427 3833 508 3892 Met.
531 3834 554 3910 l,
591 3835 617 3912 1,
643 3834 663 3893 2
686 3845 715 3894 et
743 3833 881 3913 Ritter,
904 3833 943 3898 Ο.
971 3836 992 3896 Ι.
1020 3832 1071 3914 m,
1100 3852 1133 3915 p.

184 3933 258 4006 tao,
285 3937 357 3999 511.
402 3941 442 4020 (l)
464 3941 500 4001 de
518 3942 593 4024 Rop.
620 3943 644 4014 1,
676 3945 709 4004 2.
