2602 4620
624 301 685 367 tle

170 482 282 550 assedit
304 481 374 571 (l),
399 507 501 572 quum
525 485 583 550 sibi
605 485 732 549 venenis
764 498 904 575 ereptam
928 483 1113 551 memoriam

174 598 304 667 diceret.
357 598 449 690 Quid
472 623 529 687 ego
551 598 592 666 de
613 600 860 666 miserationibus
871 597 1014 687 loquar?
1037 600 1116 688 qui-

176 718 237 781 bus
267 739 304 781 eo
324 737 396 780 sum
429 736 502 779 usus
522 712 687 803 pluribus,
722 709 810 802 quod
840 711 934 776 etiam
964 710 991 778 si
1012 707 1117 799 plures

174 827 377 913 dicebamus,
411 829 640 920 perorationem
673 826 752 895 mihi
776 842 1002 892 tamenomnes
1012 822 1113 890 relin-

176 946 353 1035 qnebant.''

220 1065 395 1153 Utriusque
429 1063 590 1152 praecepti
622 1061 842 1153 praestantiam
865 1054 1113 1124 Aristoteles

173 1178 292 1262 egregie
314 1192 444 1257 tenens,
469 1201 570 1266 quum
593 1177 694 1242 omnis
705 1172 901 1262 eloquentiae
914 1170 1112 1262 principium

108 1359 111 1366 .
173 1299 204 1365 τὸ
244 1296 430 1387 ἐνδεχόμενον
470 1299 587 1366 πιθανὸν
611 1324 675 1366 esse
697 1314 858 1366 censeret:
931 1287 1020 1361 Ἐπεὶ
1051 1291 1111 1379 δὲ,

173 1415 279 1513 inquit
303 1425 376 1511 (2),
400 1429 480 1490 ἕνεκα
510 1426 627 1516 κρίσεώς
655 1425 718 1499 ἐςιν
742 1425 760 1495 ἡ
785 1421 921 1511 ῥητορική
936 1459 979 1472 -
997 1422 1111 1507 ἀνάγκη

173 1551 214 1637 μὴ
240 1553 324 1637 μόνον
350 1551 419 1643 πρὸς
444 1550 491 1618 τὸν
516 1551 600 1638 λόγον
625 1551 711 1653 iper,
743 1553 818 1622 ὅπως
828 1543 1032 1619 ἀποδεικτικός
1046 1549 1111 1620 ἔςαι

173 1674 222 1738 καὶ
249 1678 333 1751 πιςός
344 1727 354 1761 ‚
381 1675 460 1741 ἀλλὰ
487 1675 535 1741 καὶ
562 1675 646 1741 αὑτὸν
671 1677 752 1741 ποιόν
776 1697 839 1738 τινα
864 1669 913 1734 καὶ
939 1669 988 1735 τὸν
1010 1671 1112 1760 ’κριτὴν

173 1805 409 1877 κατασκευάζειν·
438 1799 511 1869 πολὺ
537 1803 596 1892 γὰρ
622 1797 750 1891 διαφέρει
786 1795 855 1887 πρὸς
896 1795 1006 1883 nicer,
1047 1799 1112 1883 prui-

176 1923 248 1999 λιςα
289 1925 342 2011 μὲν
382 1925 411 1990 ἐν
439 1930 501 1999 ’ταῖς
542 1923 740 2012 συμβουλαῖς,
771 1921 832 1987 citor
858 1916 892 1984 δὲ
918 1918 967 1982 καὶ
994 1919 1025 1983 ἐν
1049 1923 1110 1993 ταῖς

174 2040 290 2132 δίκαις,
337 2048 368 2113 τὸ
415 2052 495 2113 ποιόν
536 2073 600 2115 τινα
626 2050 761 2139 pertrabat
788 2047 835 2115 τὸν
859 2048 979 2136 λέγοντα
1004 2048 1054 2112 καὶ
1080 2048 1112 2114 ’τό

176 2171 245 2262 πρὸς
270 2170 373 2244 αὑτοὺς
389 2170 612 2259 ,ὑπολαμβάνειν
637 2177 717 2259 ἔχειν
743 2197 802 2248 πως
828 2171 938 2258 αὐτόν,
977 2171 1046 2262 πρὸς
1075 2169 1112 2236 δὲ

175 2299 280 2393 τούτοις
331 2299 381 2362 ἐὰν
412 2297 471 2363 ,καὶ
511 2298 591 2366 αὐτοὶ
622 2292 800 2387 διακείμενοί
827 2321 887 2374 πως
911 2303 1109 2388 τυγχάνωσιν.

174 2453 203 2490 κ.
232 2451 259 2490 τ.
287 2425 315 2489 λ.
344 2427 501 2496 Praeclara
524 2427 587 2496 loca
612 2425 652 2492 de
670 2425 834 2514 judicibus
856 2424 1113 2507 commovendis,

175 2539 215 2604 de
237 2539 423 2626 affectibus,
446 2537 487 2605 de
510 2526 650 2607 moribus
667 2541 846 2627 juvenum,
872 2542 1032 2626 virorum,
1056 2567 1110 2608 se-

174 2681 276 2738 num,
312 2656 469 2738 divitum,
501 2656 725 2744 optimatium,
763 2653 1006 2724 Rhetoricorum
1037 2682 1111 2723 ma·

176 2796 269 2856 gnam
302 2784 424 2859 partem
466 2771 626 2860 complent
650 2769 709 2859 (3).
747 2773 865 2871 ,Quum
883 2788 989 2839 autem
1012 2773 1112 2847 Ari-

177 2882 345 2950 stoteles
362 2885 459 2971 magis
482 2882 611 2952 dicendi
630 2886 792 2973 magister,
817 2888 959 2953 Cicero
973 2911 1115 2954 summus

177 3027 280 3078 orator
308 3010 478 3095 exstiterit,
502 3011 543 3077 ita
555 3037 685 3103 quoque
695 3012 744 3080 ille
758 3022 793 3102 τῇ
809 3013 905 3082 πειθοῖ
914 3010 1114 3101 διδασκαλικῇ

180 3218 409 3229 u———-—----

216 3353 255 3429 (t)
278 3351 308 3409 ln
333 3350 467 3427 oratione,
491 3365 595 3430 quaet
621 3352 711 3430 ipsum
739 3366 767 3412 et
794 3351 829 3412 P.
845 3353 1117 3415 Clodiumlaces-

172 3462 246 3523 sirit.
284 3462 329 3522 Cf.
352 3462 449 3523 Schol,
479 3463 562 3522 Bob.
584 3464 610 3522 in
638 3463 713 3524 Orat.
739 3466 767 3526 in
791 3465 871 3527 Vnt.
904 3467 977 3545 apud
999 3464 1116 3528 Oceli.

175 3573 250 3631 Cic.
270 3572 346 3650 Opp.
370 3572 434 3632 Vol.
456 3573 489 3638 V,
509 3592 539 3648 p.
567 3572 638 3632 520.
683 3574 722 3651 (ἢ)
745 3575 826 3634 Rhct.
849 3576 884 3642 ll,
899 3577 913 3633 t
930 3576 989 3634 init.
1034 3577 1074 3650 (ὅ)
1091 3577 1116 3652 1,

178 3684 299 3742 ro-rrr
338 3696 365 3742 οι
401 3684 437 3742 rr.
480 3682 533 3741 er.
573 3683 656 3742 ura.
694 3685 855 3745 araret.
886 3686 1118 3749 cca-5901
1176 3662 1182 3671 '

174 3790 233 3847 Ph.
258 3791 293 3848 G.
319 3811 383 3849 van
405 3792 571 3869 Heusde,
595 3791 658 3851 lnit.
682 3792 717 3868 il,
748 3794 783 3868 11,
808 3813 838 3873 p.
882 3795 962 3871 tor,
985 3793 1032 3872 qui
1050 3793 1118 3854 lau-

94 3953 96 3958 .
174 3901 222 3959 dat
250 3903 391 3980 egregium
421 3903 513 3964 locum
542 3903 733 3967 Ciceronis
755 3906 790 3967 de
812 3905 892 3969 Orat.
920 3907 957 3983 ΙΙ,
977 3905 1030 3986 tt,
1061 3905 1115 3966 tt.
