2602 4620
633 313 694 383 176

182 485 388 590 danapa'li
418 501 609 588 epigramma
639 515 728 568 tanto
763 499 1049 593 opere‘derideat:
1082 505 1120 571 in

182 615 318 709 quoille
337 640 392 681 rex
415 615 556 705 Assyriae
575 611 724 700 glorietur
736 638 756 696 ‚·
768 637 800 682 se
817 638 925 683 omnes
942 641 1052 684 secum
1069 618 1124 684 lt..

181 727 330 794 bidinnm
344 725 518 816 voluptates
538 722 706 791 abstulisse.
749 723 848 814 Quod
870 727 957 793 enim
975 731 1120 798 navitus

182 839 334 936 qnidam,
378 843 507 931 inquit,
541 837 659 906 diutius
690 832 804 906 sentire
835 858 978 930 poterat,
1019 869 1121 934 quam

182 961 263 1028 dum
283 960 468 1042 fruebatur3
504 981 570 1046 quo
591 955 686 1024 modo
704 954 738 1022 id
760 959 865 1049 potuit
886 973 1011 1025 mortuo
1032 982 1116 1050 per-

182 1077 332 1142 manere”
364 1072 443 1162 (1)t
476 1089 507 1139 et
530 1075 565 1139 in
587 1071 773 1142 Tusculanis
795 1070 842 1159 (2)
856 1100 867 1138 ι.
889 1073 992 1161 „Quo
1015 1073 1116 1141 modo

181 1193 276 1278 igitur
301 1188 446 1278 jucunda
476 1190 536 1255 vita
559 1204 767 1280 potestesse,
802 1214 819 1252 a
843 1213 907 1277 qua
927 1189 1008 1254 absit
1028 1214 1116 1278 pru-

180 1306 310 1389 dentia,
344 1308 424 1372 absit
454 1304 650 1374 moderatio?
704 1307 772 1388 Ex,
793 1327 859 1396 quo
892 1301 1115 1372 Sardana-

179 1423 290 1512 pali,
313 1421 539 1512 opulentissimi
559 1421 664 1509 Syriae
688 1420 787 1506 rogis,¹
813 1442 900 1487 error
923 1421 1113 1505 agnoscitur,

182 1540 241 1630 qui
261 1536 389 1604 iuridi
375 1539 470 1626 jussit
492 1539 527 1603 in
548 1539 666 1604 busto·

178 1656 272 1723 Haec
289 1657 408 1738 habeo,
430 1666 517 1743 quoe
535 1654 610 1737 edi,
635 1676 783 1742 quaeque
802 1633 1000 1718 exsaturata
1012 1653 1115 1718 libido

178 1771 319 1842 Haurit:
342 1783 381 1838 at
393 1772 582 1858 iltajaaeat
593 1772 721 1853 matta,
746 1779 779 1835 et
758 1771 969 1860 praeclara
981 1771 1115 1838 relicta.

184 1922 186 1925 v
223 1887 315 1976 Quid
333 1886 443 1972 aliud,
467 1887 577 1977 inquit
610 1883 910 1968 Aristoteles,
943 1884 979 1950 in
1002 1885 1114 1970 bovis,

177 2020 245 2070 non
264 2004 299 2067 in
323 2005 402 2088 regis
431 2003 576 2093 sepulcro
597 2003 833 2069 inscriberes’'i

223 2113 489 2182 Aristoteles
522 2118 555 2180 in
585 2115 673 2180 libris
694 2113 1111 2199 Nicomaeheisloaa,

176 2248 239 2298 tam
260 2229 302 2297 de
321 2232 508 2313 virtutibus,
536 2256 632 2322 quam
654 2230 695 2296 de
718 2232 906 2312 affectibus,
926 2257 943 2296 a
961 2229 1110 2298 Plato-

175 2368 248 2426 ne,
283 2344 342 2433 qui
373 2344 468 2430 magis
490 2344 613 2412 virtutis
632 2345 805 2418 ⁴universae
833 2360 979 2410 naturam
1007 2343 1108 2412 inda-

174 2475 321 2547 gaverat,
345 2459 437 2524 nimis
464 2457 624 2546 neglecta,
647 2459 773 2525 uberius
796 2461 943 2546 exposuit
961 2457 1021 2547 (3).
1055 2465 1113 2527 0-

175 2608 285 2652 mnem
305 2582 399 2671 igitur
411 2582 617 2650 virtutemvel
631 2577 816 2654 διανοητικὴν
839 2582 887 2655 vel
915 2582 1016 2655 ἠθικήν
1036 2583 1109 2676 (4)3

173 2717 343 2790 utramque
376 2721 451 2767 vero
483 2701 656 2768 arctissimo
676 2699 804 2768 vinculo
825 2702 1030 2788 conjunctam
1049 2725 1114 2768 esse

174 2818 292 2886 voluit:
359 2818 430 2904 Οὐχ
469 2816 528 2884 οἷόν
569 2845 599 2886 τε
640 2818 751 2909 ἀγαθὸν
790 2819 861 2886 εἶναι
904 2822 1007 2911 κυρίως
1034 2827 1115 2888 ’ἄνευ

175 2945 362 3032 φρονήσεως,
408 2934 475 3006 οὐδὲ
517 2945 650 3033 φρόνιμον
689 2949 757 3010 ἄνευ
795 2955 844 3019 ταῖς
898 2945 997 3020 ἠθικῆς
1034 2947 1111 3036 ἀρε-

182 3153 411 3166 *-

218 3257 257 3333 (1)
280 3256 316 3316 de
337 3256 398 3315 Fin.
425 3255 462 3333 ll,
488 3257 539 3315 32.
585 3258 623 3334 (δ)
647 3255 682 3334 V,
713 3257 764 3317 35.
795 3258 848 3318 Cff.
872 3258 978 3319 Arist.
996 3257 1108 3336 Nicl,

178 3367 198 3425 5
234 3365 320 3426 init:
357 3372 391 3429 Οἱ
418 3370 467 3447 μὲν
484 3367 528 3428 οὖν
548 3372 642 3430 πολλοὶ
668 3373 800 3435 παντελῶς
819 3369 1033 3448 ἀνδραποδώδεις
1050 3376 1112 3447 ραι·

172 3502 261 3538 νονται
279 3479 453 3554 βοσκημάτων
472 3477 532 3553 βίον
551 3480 769 3554 προαιρούμενοι,
798 3480 961 3553 τνγχοὶνονσι
981 3476 1012 3533 δὲ
1031 3476 1112 3552 λόγον

172 3587 221 3644 διὰ
252 3585 282 3642 τὸ
308 3585 420 3649 πολλοὺς
448 3592 498 3641 τῶν
519 3584 544 3639 ἐν
564 3591 623 3648 ταῖς
641 3585 770 3650 ἐξουσίαις
789 3583 954 3660 ὁμοιοπαθεῖν
974 3581 1110 3658 Σαρδανα-

173 3696 260 3771 πάλῳ,
282 3688 368 3749 tud.
395 3688 418 3765 i,
446 3689 475 3755 5,
493 3707 523 3765 p.
552 3685 745 3762 tasnato.
791 3684 1107 3762 (ollenn.0.l.ill,
1156 3754 1160 3763 Δ

176 3815 208 3872 p.
240 3797 313 3856 295.
358 3796 398 3874 (l)
430 3796 500 3856 Cum
530 3795 582 3856 hac
610 3794 744 3855 divisione
764 3794 896 3856 cohaeret
920 3792 1056 3856 lennatio
1081 3793 1111 3853 iu

174 3904 370 3966 beatitudinem
396 3906 574 3966 theoreticam
598 3923 648 3966 seu
670 3904 911 3981 contemplativam
933 3916 962 3965 et
981 3901 1111 3975 activam.
