2602 4620
655 236 720 305 208

199 423 344 488 emunim
365 424 469 488 omnia
488 412 628 507 exigatis,
654 419 750 486 multa
763 418 890 501 desunt,
909 425 1018 509 fateor,
1046 425 1144 496 multa

200 541 315 619 etiam,
349 561 433 626 quae
467 539 525 603 Vir
546 535 708 604 doctrinae
730 538 818 626 copia
840 538 1012 629 completus
1040 561 1140 634 atque

198 648 339 716 excultus
370 667 511 717 accurate
547 652 757 738 exposuisset,
790 654 936 739 juvenilis
969 679 1041 722 vero
1072 682 1141 725 mea

200 782 300 846 actas,
335 769 368 831 in
406 767 500 832 literis
530 783 624 855 atque
654 766 805 834 doctrinis
825 771 914 859 quasi
937 771 1050 864 hospes
1080 799 1140 842 nec

196 886 266 948 satis
300 900 437 967 versata,
468 883 576 951 leviter
609 900 731 949 tantum
762 886 872 968 attigit.
927 887 1027 976 Quod
1065 916 1138 958 vero

195 1006 299 1070 animo
323 1027 387 1069 non
406 1001 658 1094 despondet-ern,
683 986 756 1067 exin
779 1005 910 1069 urarime
938 1004 1135 1075 factumesse

194 1122 340 1195 arbitror,
363 1115 470 1210 quod,
494 1116 552 1183 hac
572 1118 704 1183 maxime
725 1116 941 1207 disquisitione
953 1118 1039 1185 diem
1049 1120 1133 1190 diem

194 1233 306 1300 docere
342 1231 494 1314 edoctus,
529 1233 723 1298 verissimum
746 1230 877 1321 quidem
898 1233 960 1300 hoc
986 1228 1121 1324 philoso-

192 1355 333 1442 phorum
351 1352 475 1418 dictum
496 1354 720 1418 existimarem:
758 1357 974 1419 mitiacvcrr'
992 1359 1131 1422 obrussa

192 1481 261 1544 θεὴ·
282 1466 360 1533 illud
379 1491 451 1533 vero
471 1465 564 1531 simul
581 1469 787 1555 experientiae
813 1452 930 1534 foetum
953 1467 1130 1537 dicendum

190 1608 254 1650 esse
276 1581 490 1661 confiderem
517 1606 614 1671 quam
635 1583 861 1672 experientiam
880 1585 904 1648 si
926 1583 1021 1653 modo
1042 1610 1127 1652 asse-

192 1703 248 1789 qui
270 1700 458 1791 potuissem,
482 1699 586 1762 minus
608 1698 700 1764 latam
728 1699 863 1765 fortassis
873 1716 1005 1786 stragem
1016 1705 1126 1769 subti-

189 1814 272 1882 mide
291 1831 522 1903 exspectarem,
546 1829 676 1901 tamque
699 1813 921 1902 imperfectum
952 1840 1124 1905 opuspro·

188 1931 263 1997 dere
294 1948 417 1997 coactus
445 1954 510 1995 non
542 1927 679 1994 fuissem.
731 1929 841 1995 Unum
871 1947 994 1997 tantum
1027 1921 1124 2000 credo

189 2073 238 2112 me
253 2051 329 2133 'jure
354 2063 459 2134 petere
484 2067 592 2132 posse,
615 2042 822 2129 investigandi
840 2043 983 2111 'ardorem
1017 2049 1050 2112 in
1073 2047 1121 2113 his

185 2160 363 2229 studiorum
392 2180 533 2222 meorum
568 2156 749 2246 primordiis
780 2183 820 2223 ne
856 2163 1033 2250 spernatis,
1070 2179 1118 2245 et,

183 2283 207 2346 si
224 2278 305 2345 forte
333 2276 366 2339 in
389 2273 450 2339 hac
471 2270 708 2362 disquisitione,
730 2275 765 2338 in
787 2299 850 2362 qua
873 2275 995 2342 critices
1018 2265 1117 2364 praei·

181 2409 347 2482 ceptorum
381 2388 606 2454 observantiam
637 2390 751 2453 summi
780 2391 931 2455 momenti
943 2414 1006 2455 esse
1018 2389 1115 2474 duxi,

180 2515 213 2576 in
244 2528 438 2574 summorum
472 2500 549 2569 adeo
570 2503 720 2569 Virorum
748 2506 915 2570 sententias
937 2507 1030 2571 nimis
1052 2532 1111 2574 ve-

182 2627 346 2692 hementer
368 2622 509 2685 invectus
529 2640 592 2682 esse
614 2616 737 2701 videar,
761 2643 827 2686 non
848 2622 1009 2710 partium,
1045 2647 1112 2690 nou

180 2763 274 2806 vanae
304 2735 510 2820 arrogantiae,
534 2758 598 2800 non
623 2735 836 2819 argutiarum,
859 2734 914 2800 sed
932 2738 1026 2804 unice
1051 2763 1109 2804 re-

176 2855 274 2920 ritatis
296 2851 359 2917 sive
384 2871 472 2913 verae
491 2849 611 2914 critices
633 2847 739 2916 studio
757 2874 809 2916 me
832 2849 926 2917 fuisse
950 2849 1107 2936 ductum,

175 2979 310 3048 Platonis
346 2971 395 3064 (1)
431 2972 618 3038 sententiae:
655 2944 793 3044 Ἀλήθεια
819 2971 887 3061 δή,
914 2981 1029 3041 πάντων
1055 2977 1107 3064 μὲν

174 3104 293 3192 ἀγαθῶν
319 3100 389 3172 θεοῖς
429 3100 567 3184 ἡγεῖται,
606 3101 721 3162 πάντων
751 3094 786 3162 di
810 3099 986 3191 ἀνθρώποις,
1017 3099 1105 3165 haud

167 3222 408 3293 immemorem,
431 3213 761 3303 Vobis'persuasum
783 3213 921 3282 habeatis
944 3215 1046 3284 velim.

168 3390 373 3412 ..ι-

212 3446 251 3550 μ’)
274 3471 309 3530 te
336 3468 421 3546 regg.
452 3467 488 3544 v,
513 3489 543 3546 p.
574 3469 644 3535 605,
667 3456 702 3528 u·
727 3469 781 3529 ua.
803 3470 879 3528 rte.
