2602 4620
729 336 781 386 xtt

577 474 893 563 'cururvt

471 661 613 704 CICERONIS
634 661 662 703 ltt
684 661 893 702 rmtosortttttt
914 662 1031 704 nostrl.

326 781 517 845 Ciceronis
537 778 747 859 philosophandi
771 779 853 840 ratio.
897 779 976 852 Quae
1000 781 1219 848 Aristotelis

284 867 385 945 scripta
413 866 533 942 legisse,
555 879 625 939 qnae
646 860 754 920 novmse
783 861 918 921 videatur.
944 862 1113 940 Argumenta
1124 883 1220 930 contra

281 947 463 1025 Madvigii
485 944 668 1005 sententiam.
683 940 876 1002 Ciceronis
902 942 977 1002 varia
992 943 1220 1026 philosophorum

283 1030 384 1106 placita
408 1024 570 1087 conciliandi
589 1023 772 1103 propositum.
816 1022 923 1085 Primo
947 1035 1069 1087 notares
1094 1030 1129 1088 ab
1143 1030 1218 1091 Ari-

285 1110 423 1170 stotele
443 1108 554 1166 minime
575 1105 712 1183 neglecta.
756 1105 844 1184 liujus
867 1105 972 1167 ethices
991 1106 1135 1170 doctrinae
1150 1113 1221 1173 cha-

283 1204 385 1251 racter.
428 1189 501 1248 lntcr
542 1187 602 1266 ejus
643 1187 730 1247 libros
771 1186 903 1248 Politicos
943 1201 1025 1267 atque
1050 1191 1218 1255 Nicoma·

282 1273 373 1332 clrea
415 1269 552 1330 vinculum
583 1267 776 1331 arctissimum.
801 1301 843 1319 ·-
868 1289 905 1329 nr
925 1288 1058 1332 rsterrct
1077 1291 1217 1337 ramoso-

283 1373 363 1414 rnrt.
378 1385 420 1400 -
440 1351 501 1411 Non
522 1349 588 1410 satis
615 1348 668 1409 sibi
691 1349 813 1408 constitit
840 1349 970 1410 Cicero
1000 1351 1028 1410 in
1062 1354 1145 1416 variis
1166 1374 1218 1418 se-

281 1435 334 1496 ctis
353 1432 546 1513 dijudicandis.
569 1431 610 1491 De
633 1447 741 1489 summo
769 1431 843 1490 bono
863 1432 1081 1495 Aristotelis
1105 1449 1135 1496 et
1157 1437 1216 1498 Ci-

283 1516 431 1576 ceronis
451 1513 613 1575 sentenciae.
666 1510 708 1570 De
728 1510 829 1571 virtute
853 1517 1003 1580 διανοητικὴ
1022 1527 1105 1594 atqne
1125 1524 1211 1587 ἠθική.

283 1598 430 1677 Tripartita
463 1595 571 1655 virtutis
610 1591 764 1670 dispositio.
815 1581 1028 1655 Aristotelis
1050 1608 1079 1656 et
1109 1588 1215 1658 cici-

282 1681 379 1741 ronis
399 1678 508 1739 libellus
530 1677 566 1736 de
588 1674 749 1734 Virtutibus.
772 1673 925 1752 Pnaecepta
939 1677 1073 1754 quaedam
1089 1697 1123 1739 ex
1136 1679 1216 1738 Ari.

283 1763 433 1823 stotelis
454 1759 579 1820 doctrina
604 1756 693 1817 etlrica
720 1755 748 1815 in
771 1755 848 1817 libris
875 1757 910 1816 de
933 1757 1035 1818 Natura
1052 1759 1172 1820 lleorum
1187 1776 1217 1821 et

282 1846 309 1904 in
335 1844 467 1905 Oratione
496 1859 547 1919 pro
571 1839 730 1898 Murena.
757 1837 1002 1917 Peripateticorum
1025 1842 1159 1902 sententia
1180 1847 1215 1903 dc

256 1923 542 2002 perturbationibus.
584 1921 765 1998 Comparatur
798 1919 945 1998 disprrtatio
974 1921 1010 1980 de
1050 1922 1105 1983 ltoc
1134 1943 1216 2002 argu·

281 2019 374 2065 merito
402 2002 615 2063 Aristotelis
645 2001 672 2058 in
710 1999 960 2061 Nicomacheis
981 2021 1044 2062 cum
1066 2003 1215 2067 Cicero-

283 2087 337 2147 nis
359 2085 573 2145 Tusculanarum
601 2081 672 2140 libro
700 2094 808 2158 quarto.
824 2115 866 2128 -
886 2103 924 2142 or
952 2103 1128 2148 rnronrrrca
1147 2108 1215 2147 rur·
1269 2084 1277 2095 ’

283 2187 429 2228 cesorum.
445 2197 487 2211 -
508 2164 587 2223 Unde
614 2162 750 2223 Cicero
781 2164 969 2242 gravissimam
996 2166 1073 2227 illam
1097 2182 1215 2229 conten-

282 2253 384 2311 tionem
424 2248 459 2306 do
496 2245 564 2306 ideis
589 2243 783 2304 Platonem
808 2246 879 2305 inter
906 2259 935 2305 et
951 2246 1212 2311 Aristotelem

279 2333 365 2392 verbo
389 2343 493 2389 tanturn
514 2326 653 2405 attigerit?
683 2325 860 2387 Tusculanae
876 2325 1070 2400 Quaestioaes.
1083 2362 1125 2378 -
1139 2333 1215 2392 Ari·

279 2412 475 2474 stotelcsne
509 2409 628 2469 animum
670 2407 851 2468 immortalem
883 2427 945 2469 esse
983 2412 1134 2472 statuerit?
1167 2413 1212 2474 Ite

277 2495 397 2559 Natura
435 2491 571 2552 Deorum.
585 2523 627 2536 -
661 2489 850 2551 liecensentur
873 2490 936 2550 loca
956 2493 1054 2570 quibus
1076 2493 1209 2554 Cicero

278 2575 501 2639 Aristotelis
539 2575 575 2634 de
609 2573 690 2647 Deo,
722 2572 757 2632 de
796 2573 921 2649 mundo,
958 2585 1056 2640 motu,
1093 2575 1206 2653 spatio,

276 2661 468 2736 sideribusque
505 2655 668 2717 sententiam
701 2653 753 2712 sibi
777 2654 955 2734 proposuisse
974 2655 1092 2716 videtur.
1135 2656 1208 2729 Quid

276 2744 312 2803 de
341 2740 495 2817 Orpheo
520 2741 604 2815 potita
629 2735 766 2795 censuerit
794 2735 1040 2797 Aristoteles?
1060 2739 1209 2800 Aristo·

275 2823 367 2882 telis
398 2817 542 2897 praeclara
571 2815 706 2876 sententia
727 2816 762 2875 de
784 2816 875 2878 divina
902 2829 997 2876 natura
1019 2835 1102 2895 quam
1126 2824 1208 2884 nobis

275 2901 395 2963 servavit
424 2897 569 2958 Cicero.
622 2896 774 2974 Praecipua
807 2898 868 2960 loca
900 2915 916 2957 a
950 2897 1143 2960 Cicerone
1170 2922 1206 2964 ex

274 2979 489 3044 Aristotelis
519 2978 598 3039 libris
635 2979 671 3038 de
710 2978 828 3039 Historia
865 2979 1029 3040 Animalium
1067 2981 1205 3049 desumet.

274 3065 359 3127 Libri
388 3065 422 3125 dt
443 3060 692 3121 divisoriam.-
711 3060 918 3121 Aristotelis
937 3061 1119 3140 dementum
1145 3074 1205 3147 περὶ

274 3160 322 3216 τῆς
350 3147 405 3207 καθ’
425 3149 505 3205 ὕπνον
524 3154 669 3223 μαντικῆς,
690 3141 752 3220 ejus
768 3142 943 3203 Problemata
965 3156 995 3204 el
1014 3144 1125 3206 libellus
1145 3155 1204 3228 περὶ

273 3232 406 3289 ἐνυπνίων.
428 3223 621 3300 Fragmentum
658 3241 692 3282 ex
723 3224 946 3286 Aristotelis
966 3225 1104 3288 Eudemo.
1147 3227 1206 3286 lm·

273 3309 424 3384 probantur
446 3324 462 3364 a
487 3303 676 3383 Peripateticis
698 3305 843 3366 artificiosa
868 3307 1007 3367 divinandi
1026 3326 1140 3385 genera.
1162 3307 1206 3368 De

272 3387 357 3450 Fato.
373 3421 415 3435 -
435 3386 627 3446 Ciceronis
649 3386 737 3463 locus,
763 3406 845 3466 quem
866 3389 949 3449 variis
970 3389 1207 3449 modistentnrunt

271 3472 446 3552 interpretes.
475 3468 690 3528 Aristotelis
711 3470 747 3530 de
767 3473 824 3530 l'ato
849 3470 993 3531 sententia.
1038 3468 1118 3550 Opus
1145 3479 1204 3551 περὶ

271 3559 411 3633 ὁρμινείας.
431 3549 545 3611 Incerto
571 3551 710 3629 quaedam
732 3552 893 3631 fracmenta
904 3571 944 3613 cx
956 3550 1123 3614 Aristotelis
1133 3553 1205 3611 seri-

265 3635 338 3708 ptis.
354 3665 396 3681 ·-
411 3633 451 3693 Ex
462 3633 539 3694 libris
549 3632 583 3692 de
595 3631 710 3694 Officiis.
727 3633 986 3695 Exllortensio.
1001 3654 1032 3713 p.
1052 3632 1202 3695 tte-207.

604 3852 867 3895 —-·-*--—-
