<?xml version="1.0" encoding="UTF-8"?>
<!DOCTYPE html PUBLIC "-//W3C//DTD XHTML 1.0 Transitional//EN"
    "http://www.w3.org/TR/xhtml1/DTD/xhtml1-transitional.dtd">
<html xmlns="http://www.w3.org/1999/xhtml" xml:lang="en" lang="en">
 <head>
  <title>
</title>
<meta http-equiv="Content-Type" content="text/html;charset=utf-8" />
  <meta name='ocr-system' content='tesseract 3.04.00' />
  <meta name='ocr-capabilities' content='ocr_page ocr_carea ocr_par ocr_line ocrx_word'/>
</head>
<body>
  <div class='ocr_page' id='page_1' title='image "./disquisitiocrit00baumgoog_0103.png"; bbox 0 0 2602 4620; ppageno 0'>
   <div class='ocr_carea' id='block_1_1' title="bbox 619 273 665 338">
    <p class='ocr_par' dir='ltr' id='par_1_1' title="bbox 619 273 665 338">
     <span class='ocr_line' id='line_1_1' title="bbox 619 273 665 338; baseline 0.022 -1"><span class='ocrx_word' id='word_1_1' title='bbox 619 273 665 338; x_wconf 83' lang='lat'><strong>80</strong></span> 
     </span>
    </p>
   </div>
   <div class='ocr_carea' id='block_1_2' title="bbox 442 452 832 530">
    <p class='ocr_par' dir='ltr' id='par_1_2' title="bbox 442 452 832 530">
     <span class='ocr_line' id='line_1_2' title="bbox 442 452 832 530; baseline 0.008 -12"><span class='ocrx_word' id='word_1_2' title='bbox 442 452 493 519; x_wconf 84' lang='lat' dir='ltr'><strong>De</strong></span> <span class='ocrx_word' id='word_1_3' title='bbox 516 453 711 527; x_wconf 78' lang='lat' dir='ltr'><strong>Aristotelio</strong></span> <span class='ocrx_word' id='word_1_4' title='bbox 732 477 832 530; x_wconf 83' lang='lat' dir='ltr'><strong>more.</strong></span> 
     </span>
    </p>
   </div>
   <div class='ocr_carea' id='block_1_3' title="bbox 170 668 1120 2984">
    <p class='ocr_par' dir='ltr' id='par_1_3' title="bbox 170 668 1115 2064">
     <span class='ocr_line' id='line_1_3' title="bbox 218 668 1109 775; baseline 0.003 -20"><span class='ocrx_word' id='word_1_5' title='bbox 218 686 283 767; x_wconf 60' lang='lat' dir='ltr'><strong>nd,</strong></span> <span class='ocrx_word' id='word_1_6' title='bbox 302 686 386 755; x_wconf 85' lang='lat' dir='ltr'><strong>hauc</strong></span> <span class='ocrx_word' id='word_1_7' title='bbox 403 668 623 770; x_wconf 82' lang='lat' dir='ltr'><strong>gravissimam</strong></span> <span class='ocrx_word' id='word_1_8' title='bbox 654 678 893 775; x_wconf 83' lang='lat' dir='ltr'><strong>quaestionem,</strong></span> <span class='ocrx_word' id='word_1_9' title='bbox 931 685 1109 759; x_wconf 75' lang='lat' dir='ltr'><strong>dialectices</strong></span> 
     </span>
     <span class='ocr_line' id='line_1_4' title="bbox 173 800 1112 894; baseline 0.004 -24"><span class='ocrx_word' id='word_1_10' title='bbox 173 828 247 873; x_wconf 91' lang='lat' dir='ltr'><strong>cum</strong></span> <span class='ocrx_word' id='word_1_11' title='bbox 277 801 456 891; x_wconf 77' lang='lat' dir='ltr'><strong>eloquentia</strong></span> <span class='ocrx_word' id='word_1_12' title='bbox 496 800 720 886; x_wconf 87' lang='lat' dir='ltr'><strong>conjunctione</strong></span> <span class='ocrx_word' id='word_1_13' title='bbox 751 800 1112 894; x_wconf 82' lang='lat' dir='ltr'><strong>ipsaque&#39;eloquentiae</strong></span> 
     </span>
     <span class='ocr_line' id='line_1_5' title="bbox 173 915 1113 1013; baseline 0.001 -28"><span class='ocrx_word' id='word_1_14' title='bbox 173 919 367 1008; x_wconf 79' lang='lat' dir='ltr'>expositione</span> <span class='ocrx_word' id='word_1_15' title='bbox 398 940 459 1006; x_wconf 92' lang='lat' dir='ltr'><strong>pro</strong></span> <span class='ocrx_word' id='word_1_16' title='bbox 491 930 579 1005; x_wconf 83' lang='lat' dir='ltr'><strong>parte</strong></span> <span class='ocrx_word' id='word_1_17' title='bbox 600 917 669 1002; x_wconf 90' lang='lat' dir='ltr'><strong>jam</strong></span> <span class='ocrx_word' id='word_1_18' title='bbox 693 915 847 999; x_wconf 86' lang='lat' dir='ltr'><strong>solutam,</strong></span> <span class='ocrx_word' id='word_1_19' title='bbox 878 918 1008 986; x_wconf 81' lang='lat' dir='ltr'><strong>uberim</strong></span> <span class='ocrx_word' id='word_1_20' title='bbox 1032 945 1113 1013; x_wconf 87' lang='lat' dir='ltr'><strong>per-</strong></span> 
     </span>
     <span class='ocr_line' id='line_1_6' title="bbox 172 1031 1112 1121; baseline -0.003 -18"><span class='ocrx_word' id='word_1_21' title='bbox 172 1031 394 1113; x_wconf 80' lang='lat' dir='ltr'><strong>tractandam,</strong></span> <span class='ocrx_word' id='word_1_22' title='bbox 424 1047 537 1121; x_wconf 90' lang='lat' dir='ltr'><strong>sponte</strong></span> <span class='ocrx_word' id='word_1_23' title='bbox 558 1031 624 1114; x_wconf 89' lang='lat' dir='ltr'><strong>via,</strong></span> <span class='ocrx_word' id='word_1_24' title='bbox 651 1055 748 1121; x_wconf 91' lang='lat' dir='ltr'><strong>quam</strong></span> <span class='ocrx_word' id='word_1_25' title='bbox 770 1034 899 1119; x_wconf 86' lang='lat' dir='ltr'><strong>ingressi</strong></span> <span class='ocrx_word' id='word_1_26' title='bbox 919 1058 1027 1111; x_wconf 77' lang='lat' dir='ltr'><strong>sumus</strong></span> <span class='ocrx_word' id='word_1_27' title='bbox 1053 1061 1112 1105; x_wconf 82' lang='lat' dir='ltr'><strong>nos</strong></span> 
     </span>
     <span class='ocr_line' id='line_1_7' title="bbox 175 1147 1112 1241; baseline 0.002 -25"><span class='ocrx_word' id='word_1_28' title='bbox 175 1147 336 1241; x_wconf 81' lang='lat' dir='ltr'><strong>perduxit.</strong></span> <span class='ocrx_word' id='word_1_29' title='bbox 359 1148 554 1231; x_wconf 85' lang='lat' dir='ltr'><strong>„Cicero”</strong></span> <span class='ocrx_word' id='word_1_30' title='bbox 580 1149 687 1229; x_wconf 84' lang='lat' dir='ltr'><strong>enim,</strong></span> <span class='ocrx_word' id='word_1_31' title='bbox 709 1163 746 1212; x_wconf 92' lang='lat' dir='ltr'><strong>ut</strong></span> <span class='ocrx_word' id='word_1_32' title='bbox 772 1151 896 1215; x_wconf 90' lang='lat' dir='ltr'><strong>monuit</strong></span> <span class='ocrx_word' id='word_1_33' title='bbox 917 1149 1112 1218; x_wconf 89' lang='lat' dir='ltr'><strong>Kuehne-</strong></span> 
     </span>
     <span class='ocr_line' id='line_1_8' title="bbox 175 1263 1111 1357; baseline 0.006 -27"><span class='ocrx_word' id='word_1_34' title='bbox 175 1291 248 1345; x_wconf 69' lang='lat' dir='ltr'><strong>pus</strong></span> <span class='ocrx_word' id='word_1_35' title='bbox 267 1266 328 1353; x_wconf 84' lang='lat' dir='ltr'><strong>(l),</strong></span> <span class='ocrx_word' id='word_1_36' title='bbox 348 1314 370 1349; x_wconf 89' lang='lat'>„</span> <span class='ocrx_word' id='word_1_37' title='bbox 383 1267 417 1330; x_wconf 91' lang='lat' dir='ltr'><strong>iu</strong></span> <span class='ocrx_word' id='word_1_38' title='bbox 438 1263 564 1351; x_wconf 79' lang='lat' dir='ltr'><strong>dialogis</strong></span> <span class='ocrx_word' id='word_1_39' title='bbox 584 1267 645 1331; x_wconf 94' lang='lat' dir='ltr'><strong>suis</strong></span> <span class='ocrx_word' id='word_1_40' title='bbox 670 1268 850 1341; x_wconf 79' lang='lat' dir='ltr'><strong>socraticam</strong></span> <span class='ocrx_word' id='word_1_41' title='bbox 869 1265 1001 1357; x_wconf 91' lang='lat' dir='ltr'><strong>quidem</strong></span> <span class='ocrx_word' id='word_1_42' title='bbox 1025 1293 1111 1336; x_wconf 90' lang='lat' dir='ltr'><strong>oon·</strong></span> 
     </span>
     <span class='ocr_line' id='line_1_9' title="bbox 176 1378 1114 1471; baseline 0.002 -23"><span class='ocrx_word' id='word_1_43' title='bbox 176 1399 222 1449; x_wconf 88' lang='lat' dir='ltr'><strong>tra</strong></span> <span class='ocrx_word' id='word_1_44' title='bbox 256 1381 379 1447; x_wconf 88' lang='lat' dir='ltr'><strong>alterius</strong></span> <span class='ocrx_word' id='word_1_45' title='bbox 413 1380 594 1471; x_wconf 87' lang='lat' dir='ltr'><strong>opinionem</strong></span> <span class='ocrx_word' id='word_1_46' title='bbox 628 1378 801 1447; x_wconf 90' lang='lat' dir='ltr'><strong>disserendi</strong></span> <span class='ocrx_word' id='word_1_47' title='bbox 850 1381 1114 1460; x_wconf 83' lang='lat' dir='ltr'><strong>consuetudinem</strong></span> 
     </span>
     <span class='ocr_line' id='line_1_10' title="bbox 176 1491 1115 1586; baseline 0.002 -23"><span class='ocrx_word' id='word_1_48' title='bbox 176 1511 328 1586; x_wconf 80' lang='lat' dir='ltr'><strong>sequutus</strong></span> <span class='ocrx_word' id='word_1_49' title='bbox 356 1510 422 1579; x_wconf 86' lang='lat' dir='ltr'><strong>eat,</strong></span> <span class='ocrx_word' id='word_1_50' title='bbox 452 1491 509 1569; x_wconf 84' lang='lat' dir='ltr'><strong>sed</strong></span> <span class='ocrx_word' id='word_1_51' title='bbox 542 1511 646 1560; x_wconf 89' lang='lat' dir='ltr'><strong>tamen</strong></span> <span class='ocrx_word' id='word_1_52' title='bbox 670 1497 764 1582; x_wconf 86' lang='lat' dir='ltr'><strong>magis</strong></span> <span class='ocrx_word' id='word_1_53' title='bbox 786 1494 827 1560; x_wconf 86' lang='lat' dir='ltr'><strong>ad</strong></span> <span class='ocrx_word' id='word_1_54' title='bbox 849 1497 1115 1565; x_wconf 77' lang='lat' dir='ltr'><strong>Aristotelis</strong></span> 
     </span>
     <span class='ocr_line' id='line_1_11' title="bbox 170 1611 1114 1696; baseline 0.002 -15"><span class='ocrx_word' id='word_1_55' title='bbox 170 1614 330 1691; x_wconf 75' lang='lat' dir='ltr'><strong>rationem</strong></span> <span class='ocrx_word' id='word_1_56' title='bbox 353 1611 515 1689; x_wconf 81' lang='lat' dir='ltr'><strong>accessit.”</strong></span> <span class='ocrx_word' id='word_1_57' title='bbox 530 1647 573 1660; x_wconf 86' lang='lat'>-</span> <span class='ocrx_word' id='word_1_58' title='bbox 595 1612 735 1692; x_wconf 87' lang='lat' dir='ltr'><strong>„Hauc”</strong></span> <span class='ocrx_word' id='word_1_59' title='bbox 761 1613 847 1678; x_wconf 88' lang='lat' dir='ltr'><strong>enim</strong></span> <span class='ocrx_word' id='word_1_60' title='bbox 860 1613 1039 1696; x_wconf 85' lang='lat' dir='ltr'><strong>„subtiliter</strong></span> <span class='ocrx_word' id='word_1_61' title='bbox 1057 1618 1114 1683; x_wconf 88' lang='lat' dir='ltr'><strong>in·</strong></span> 
     </span>
     <span class='ocr_line' id='line_1_12' title="bbox 179 1723 1114 1816; baseline 0.002 -19"><span class='ocrx_word' id='word_1_62' title='bbox 179 1726 356 1815; x_wconf 77' lang='lat' dir='ltr'><strong>terrogandi</strong></span> <span class='ocrx_word' id='word_1_63' title='bbox 375 1744 407 1793; x_wconf 90' lang='lat' dir='ltr'><strong>et</strong></span> <span class='ocrx_word' id='word_1_64' title='bbox 430 1723 644 1816; x_wconf 87' lang='lat' dir='ltr'><strong>respondendi</strong></span> <span class='ocrx_word' id='word_1_65' title='bbox 661 1727 813 1806; x_wconf 90' lang='lat' dir='ltr'><strong>rationem</strong></span> <span class='ocrx_word' id='word_1_66' title='bbox 831 1730 931 1794; x_wconf 89' lang='lat' dir='ltr'><strong>rarius</strong></span> <span class='ocrx_word' id='word_1_67' title='bbox 955 1727 1114 1816; x_wconf 74' lang='lat' dir='ltr'><strong>adhibuit,</strong></span> 
     </span>
     <span class='ocr_line' id='line_1_13' title="bbox 177 1841 1112 1936; baseline 0.004 -24"><span class='ocrx_word' id='word_1_68' title='bbox 177 1843 232 1912; x_wconf 87' lang='lat' dir='ltr'><strong>aed</strong></span> <span class='ocrx_word' id='word_1_69' title='bbox 257 1845 408 1934; x_wconf 86' lang='lat' dir='ltr'><strong>copiosius</strong></span> <span class='ocrx_word' id='word_1_70' title='bbox 427 1841 590 1933; x_wconf 82' lang='lat' dir='ltr'><strong>quoddam</strong></span> <span class='ocrx_word' id='word_1_71' title='bbox 612 1859 644 1907; x_wconf 87' lang='lat' dir='ltr'><strong>et</strong></span> <span class='ocrx_word' id='word_1_72' title='bbox 666 1844 794 1921; x_wconf 77' lang='lat' dir='ltr'><strong>uberius</strong></span> <span class='ocrx_word' id='word_1_73' title='bbox 815 1860 911 1935; x_wconf 86' lang='lat' dir='ltr'><strong>atque</strong></span> <span class='ocrx_word' id='word_1_74' title='bbox 929 1844 1035 1914; x_wconf 89' lang='lat' dir='ltr'><strong>susum</strong></span> <span class='ocrx_word' id='word_1_75' title='bbox 1055 1873 1112 1936; x_wconf 86' lang='lat' dir='ltr'><strong>ge-</strong></span> 
     </span>
     <span class='ocr_line' id='line_1_14' title="bbox 178 1965 1040 2064; baseline 0.002 -25"><span class='ocrx_word' id='word_1_76' title='bbox 178 1997 239 2039; x_wconf 82' lang='lat' dir='ltr'><strong>nus</strong></span> <span class='ocrx_word' id='word_1_77' title='bbox 267 1989 419 2064; x_wconf 87' lang='lat' dir='ltr'><strong>sequutus</strong></span> <span class='ocrx_word' id='word_1_78' title='bbox 443 1989 508 2057; x_wconf 66' lang='lat' dir='ltr'><strong>estg</strong></span> <span class='ocrx_word' id='word_1_79' title='bbox 535 1973 684 2060; x_wconf 83' lang='lat' dir='ltr'><strong>quierat</strong></span> <span class='ocrx_word' id='word_1_80' title='bbox 708 1997 774 2039; x_wconf 89' lang='lat' dir='ltr'><strong>mos</strong></span> <span class='ocrx_word' id='word_1_81' title='bbox 799 1965 1040 2064; x_wconf 59' lang='lat' dir='ltr'><strong>&#39;Aptcocnem’&#39;</strong></span> 
     </span>
    </p>

    <p class='ocr_par' dir='ltr' id='par_1_4' title="bbox 172 2084 1120 2984">
     <span class='ocr_line' id='line_1_15' title="bbox 224 2084 1113 2180; baseline 0.003 -26"><span class='ocrx_word' id='word_1_82' title='bbox 224 2084 403 2180; x_wconf 81' lang='lat' dir='ltr'><strong>Dependitis</strong></span> <span class='ocrx_word' id='word_1_83' title='bbox 439 2110 505 2152; x_wconf 91' lang='lat' dir='ltr'><strong>non</strong></span> <span class='ocrx_word' id='word_1_84' title='bbox 526 2084 652 2152; x_wconf 84' lang='lat' dir='ltr'><strong>tantum</strong></span> <span class='ocrx_word' id='word_1_85' title='bbox 675 2088 935 2175; x_wconf 84' lang='lat' dir='ltr'><strong>Aristotelis,</strong></span> <span class='ocrx_word' id='word_1_86' title='bbox 967 2089 1113 2158; x_wconf 86' lang='lat' dir='ltr'><strong>seddi-</strong></span> 
     </span>
     <span class='ocr_line' id='line_1_16' title="bbox 172 2198 1118 2297; baseline 0.002 -26"><span class='ocrx_word' id='word_1_87' title='bbox 172 2200 375 2296; x_wconf 76' lang='lat' dir='ltr'><strong>‹scipulorum</strong></span> <span class='ocrx_word' id='word_1_88' title='bbox 397 2201 491 2267; x_wconf 88' lang='lat' dir='ltr'><strong>etiam</strong></span> <span class='ocrx_word' id='word_1_89' title='bbox 504 2198 650 2286; x_wconf 85' lang='lat' dir='ltr'><strong>dialogis,</strong></span> <span class='ocrx_word' id='word_1_90' title='bbox 674 2227 691 2268; x_wconf 90' lang='lat' dir='ltr'><strong>e</strong></span> <span class='ocrx_word' id='word_1_91' title='bbox 705 2219 846 2272; x_wconf 87' lang='lat' dir='ltr'><strong>veterum</strong></span> <span class='ocrx_word' id='word_1_92' title='bbox 857 2207 1019 2273; x_wconf 84' lang='lat' dir='ltr'><strong>sententiis</strong></span> <span class='ocrx_word' id='word_1_93' title='bbox 1031 2233 1118 2297; x_wconf 87' lang='lat' dir='ltr'><strong>qua·</strong></span> 
     </span>
     <span class='ocr_line' id='line_1_17' title="bbox 180 2317 1118 2408; baseline 0.004 -20"><span class='ocrx_word' id='word_1_94' title='bbox 180 2321 224 2388; x_wconf 89' lang='lat' dir='ltr'><strong>les</strong></span> <span class='ocrx_word' id='word_1_95' title='bbox 253 2320 373 2387; x_wconf 82' lang='lat' dir='ltr'><strong>fuerint</strong></span> <span class='ocrx_word' id='word_1_96' title='bbox 389 2317 533 2408; x_wconf 88' lang='lat' dir='ltr'><strong>judicare</strong></span> <span class='ocrx_word' id='word_1_97' title='bbox 555 2321 705 2406; x_wconf 85' lang='lat' dir='ltr'><strong>cogimur.</strong></span> <span class='ocrx_word' id='word_1_98' title='bbox 738 2325 769 2389; x_wconf 88' lang='lat' dir='ltr'><strong>A</strong></span> <span class='ocrx_word' id='word_1_99' title='bbox 791 2322 978 2392; x_wconf 91' lang='lat' dir='ltr'><strong>Platonis</strong></span> <span class='ocrx_word' id='word_1_100' title='bbox 997 2327 1118 2392; x_wconf 87' lang='lat' dir='ltr'><strong>ratione</strong></span> 
     </span>
     <span class='ocr_line' id='line_1_18' title="bbox 182 2435 1118 2524; baseline 0.001 -18"><span class='ocrx_word' id='word_1_101' title='bbox 182 2436 464 2508; x_wconf 81' lang='lat' dir='ltr'><strong>Aristotele-tn</strong></span> <span class='ocrx_word' id='word_1_102' title='bbox 497 2438 532 2502; x_wconf 92' lang='lat' dir='ltr'><strong>in</strong></span> <span class='ocrx_word' id='word_1_103' title='bbox 576 2435 703 2524; x_wconf 79' lang='lat' dir='ltr'><strong>dialogis</strong></span> <span class='ocrx_word' id='word_1_104' title='bbox 736 2436 931 2524; x_wconf 87' lang='lat' dir='ltr'><strong>dissedisse,</strong></span> <span class='ocrx_word' id='word_1_105' title='bbox 975 2457 1043 2506; x_wconf 88' lang='lat' dir='ltr'><strong>tum</strong></span> <span class='ocrx_word' id='word_1_106' title='bbox 1076 2465 1118 2508; x_wconf 82' lang='lat' dir='ltr'><strong>cx</strong></span> 
     </span>
     <span class='ocr_line' id='line_1_19' title="bbox 181 2551 1118 2645; baseline -0.002 -21"><span class='ocrx_word' id='word_1_107' title='bbox 181 2557 264 2624; x_wconf 75' lang='lat' dir='ltr'><strong>retia</strong></span> <span class='ocrx_word' id='word_1_108' title='bbox 294 2556 458 2645; x_wconf 83' lang='lat' dir='ltr'><strong>utriusque</strong></span> <span class='ocrx_word' id='word_1_109' title='bbox 487 2551 735 2642; x_wconf 86' lang='lat' dir='ltr'><strong>philosophandi</strong></span> <span class='ocrx_word' id='word_1_110' title='bbox 752 2555 895 2637; x_wconf 87' lang='lat' dir='ltr'><strong>ratione,</strong></span> <span class='ocrx_word' id='word_1_111' title='bbox 919 2580 959 2622; x_wconf 87' lang='lat' dir='ltr'><strong>cx</strong></span> <span class='ocrx_word' id='word_1_112' title='bbox 977 2555 1118 2640; x_wconf 87' lang='lat' dir='ltr'><strong>invidia,</strong></span> 
     </span>
     <span class='ocr_line' id='line_1_20' title="bbox 184 2668 1118 2763; baseline -0.001 -24"><span class='ocrx_word' id='word_1_113' title='bbox 184 2697 248 2763; x_wconf 92' lang='lat' dir='ltr'><strong>qua</strong></span> <span class='ocrx_word' id='word_1_114' title='bbox 268 2670 346 2738; x_wconf 86' lang='lat' dir='ltr'><strong>alter</strong></span> <span class='ocrx_word' id='word_1_115' title='bbox 366 2669 497 2735; x_wconf 88' lang='lat' dir='ltr'><strong>alterum</strong></span> <span class='ocrx_word' id='word_1_116' title='bbox 522 2670 671 2759; x_wconf 86' lang='lat' dir='ltr'><strong>prosequi</strong></span> <span class='ocrx_word' id='word_1_117' title='bbox 692 2668 820 2754; x_wconf 84' lang='lat' dir='ltr'><strong>solebat,</strong></span> <span class='ocrx_word' id='word_1_118' title='bbox 832 2670 956 2738; x_wconf 86' lang='lat' dir='ltr'><strong>efficere</strong></span> <span class='ocrx_word' id='word_1_119' title='bbox 966 2670 1041 2738; x_wconf 90' lang='lat' dir='ltr'><strong>licet</strong></span> <span class='ocrx_word' id='word_1_120' title='bbox 1053 2670 1118 2761; x_wconf 88' lang='lat'>(2),</span> 
     </span>
     <span class='ocr_line' id='line_1_21' title="bbox 184 2783 1118 2878; baseline 0.001 -25"><span class='ocrx_word' id='word_1_121' title='bbox 184 2804 255 2853; x_wconf 91' lang='lat' dir='ltr'><strong>tum</strong></span> <span class='ocrx_word' id='word_1_122' title='bbox 276 2787 409 2850; x_wconf 86' lang='lat' dir='ltr'><strong>maxime</strong></span> <span class='ocrx_word' id='word_1_123' title='bbox 431 2783 615 2869; x_wconf 89' lang='lat' dir='ltr'><strong>intelligitur</strong></span> <span class='ocrx_word' id='word_1_124' title='bbox 638 2808 675 2848; x_wconf 82' lang='lat' dir='ltr'><strong>ex</strong></span> <span class='ocrx_word' id='word_1_125' title='bbox 705 2786 759 2870; x_wconf 81' lang='lat' dir='ltr'><strong>its,</strong></span> <span class='ocrx_word' id='word_1_126' title='bbox 786 2811 866 2878; x_wconf 87' lang='lat' dir='ltr'><strong>quac</strong></span> <span class='ocrx_word' id='word_1_127' title='bbox 886 2790 954 2874; x_wconf 91' lang='lat' dir='ltr'><strong>jam</strong></span> <span class='ocrx_word' id='word_1_128' title='bbox 966 2788 1118 2854; x_wconf 80' lang='lat' dir='ltr'><strong>ohserva-</strong></span> 
     </span>
     <span class='ocr_line' id='line_1_22' title="bbox 184 2897 1120 2984; baseline 0.001 -16"><span class='ocrx_word' id='word_1_129' title='bbox 184 2901 230 2969; x_wconf 82' lang='lat' dir='ltr'><strong>vit</strong></span> <span class='ocrx_word' id='word_1_130' title='bbox 256 2897 433 2966; x_wconf 83' lang='lat' dir='ltr'><strong>Basilius</strong></span> <span class='ocrx_word' id='word_1_131' title='bbox 462 2899 655 2984; x_wconf 83' lang='lat' dir='ltr'><strong>Magnus,</strong></span> <span class='ocrx_word' id='word_1_132' title='bbox 698 2899 840 2968; x_wconf 85' lang='lat' dir='ltr'><strong>eruditus</strong></span> <span class='ocrx_word' id='word_1_133' title='bbox 874 2901 1015 2970; x_wconf 88' lang='lat' dir='ltr'><strong>ecclesiae</strong></span> <span class='ocrx_word' id='word_1_134' title='bbox 1051 2901 1120 2969; x_wconf 81' lang='lat' dir='ltr'><strong>do·</strong></span> 
     </span>
    </p>
   </div>
   <div class='ocr_carea' id='block_1_4' title="bbox 185 3022 1121 3489">
    <p class='ocr_par' dir='ltr' id='par_1_5' title="bbox 185 3022 1121 3489">
     <span class='ocr_line' id='line_1_23' title="bbox 186 3022 1121 3118; baseline -0.001 -22"><span class='ocrx_word' id='word_1_135' title='bbox 186 3044 254 3096; x_wconf 89' lang='lat' dir='ltr'><strong>ctor</strong></span> <span class='ocrx_word' id='word_1_136' title='bbox 285 3026 371 3113; x_wconf 76' lang='lat'>(3)=</span> <span class='ocrx_word' id='word_1_137' title='bbox 417 3028 472 3090; x_wconf 85' lang='grc' dir='ltr'><strong>τῶν</strong></span> <span class='ocrx_word' id='word_1_138' title='bbox 517 3022 618 3102; x_wconf 78' lang='grc' dir='ltr'>ἔξωθεν</span> <span class='ocrx_word' id='word_1_139' title='bbox 644 3025 802 3117; x_wconf 78' lang='grc' dir='ltr'>φιλοσόφων</span> <span class='ocrx_word' id='word_1_140' title='bbox 828 3029 853 3093; x_wconf 86' lang='grc' dir='ltr'><strong>οἱ</strong></span> <span class='ocrx_word' id='word_1_141' title='bbox 880 3027 943 3104; x_wconf 83' lang='grc' dir='ltr'>τοὺς</span> <span class='ocrx_word' id='word_1_142' title='bbox 967 3024 1121 3118; x_wconf 70' lang='grc' dir='ltr'>διαλόγους</span> 
     </span>
     <span class='ocr_line' id='line_1_24' title="bbox 185 3143 1120 3243; baseline 0.005 -30"><span class='ocrx_word' id='word_1_143' title='bbox 185 3149 430 3241; x_wconf 74' lang='grc' dir='ltr'>συγγράψαντες,</span> <span class='ocrx_word' id='word_1_144' title='bbox 457 3143 646 3239; x_wconf 61' lang='lat' dir='ltr'><strong>’Apu-otilone</strong></span> <span class='ocrx_word' id='word_1_145' title='bbox 677 3150 730 3240; x_wconf 76' lang='grc' dir='ltr'><strong>μὲν</strong></span> <span class='ocrx_word' id='word_1_146' title='bbox 761 3151 810 3216; x_wconf 84' lang='grc' dir='ltr'><strong>καὶ</strong></span> <span class='ocrx_word' id='word_1_147' title='bbox 837 3153 1006 3243; x_wconf 77' lang='grc' dir='ltr'>Θεόφραςυς</span> <span class='ocrx_word' id='word_1_148' title='bbox 1040 3151 1120 3228; x_wconf 77' lang='grc' dir='ltr'>εὐθὺς</span> 
     </span>
     <span class='ocr_line' id='line_1_25' title="bbox 185 3270 1119 3365; baseline 0 -24"><span class='ocrx_word' id='word_1_149' title='bbox 185 3274 279 3341; x_wconf 77' lang='grc' dir='ltr'>αὐτῶν</span> <span class='ocrx_word' id='word_1_150' title='bbox 320 3273 429 3361; x_wconf 84' lang='grc' dir='ltr'>ἥψαντο</span> <span class='ocrx_word' id='word_1_151' title='bbox 466 3277 523 3338; x_wconf 85' lang='grc' dir='ltr'><strong>τῶν</strong></span> <span class='ocrx_word' id='word_1_152' title='bbox 563 3278 744 3365; x_wconf 68' lang='grc' dir='ltr'>πραγμάτων</span> <span class='ocrx_word' id='word_1_153' title='bbox 790 3270 845 3340; x_wconf 71' lang='grc' dir='ltr'><strong>διὰ</strong></span> <span class='ocrx_word' id='word_1_154' title='bbox 892 3277 922 3343; x_wconf 89' lang='grc' dir='ltr'><strong>τδ</strong></span> <span class='ocrx_word' id='word_1_155' title='bbox 959 3274 1119 3344; x_wconf 74' lang='grc' dir='ltr'>συνειδέναι</span> 
     </span>
     <span class='ocr_line' id='line_1_26' title="bbox 186 3396 1120 3489; baseline -0.002 -19"><span class='ocrx_word' id='word_1_156' title='bbox 186 3402 293 3477; x_wconf 80' lang='grc' dir='ltr'>ἑαυτοῖς</span> <span class='ocrx_word' id='word_1_157' title='bbox 319 3405 375 3467; x_wconf 87' lang='grc' dir='ltr'><strong>τῶν</strong></span> <span class='ocrx_word' id='word_1_158' title='bbox 402 3398 589 3466; x_wconf 77' lang='grc' dir='ltr'>Πλατυνικῶυ</span> <span class='ocrx_word' id='word_1_159' title='bbox 616 3401 745 3489; x_wconf 82' lang='grc' dir='ltr'>χαρίτων</span> <span class='ocrx_word' id='word_1_160' title='bbox 779 3401 830 3470; x_wconf 73' lang='grc' dir='ltr'><strong>τὴν</strong></span> <span class='ocrx_word' id='word_1_161' title='bbox 858 3396 982 3467; x_wconf 76' lang='grc' dir='ltr'>ἔνδειαν.</span> <span class='ocrx_word' id='word_1_162' title='bbox 1025 3401 1120 3468; x_wconf 76' lang='grc' dir='ltr'>Πλά-</span> 
     </span>
    </p>
   </div>
   <div class='ocr_carea' id='block_1_5' title="bbox 179 3654 1150 3957">
    <p class='ocr_par' dir='ltr' id='par_1_6' title="bbox 179 3654 1150 3957">
     <span class='ocr_line' id='line_1_27' title="bbox 229 3654 1150 3737; baseline 0.002 -21"><span class='ocrx_word' id='word_1_163' title='bbox 229 3659 273 3734; x_wconf 81' lang='lat' dir='ltr'><strong>(t)</strong></span> <span class='ocrx_word' id='word_1_164' title='bbox 295 3655 328 3716; x_wconf 91' lang='lat'><strong>0.</strong></span> <span class='ocrx_word' id='word_1_165' title='bbox 363 3658 383 3716; x_wconf 97' lang='lat' dir='ltr'><strong>l.</strong></span> <span class='ocrx_word' id='word_1_166' title='bbox 416 3677 446 3736; x_wconf 88' lang='lat' dir='ltr'><strong>p.</strong></span> <span class='ocrx_word' id='word_1_167' title='bbox 480 3658 536 3717; x_wconf 77' lang='lat'><strong>149</strong></span> <span class='ocrx_word' id='word_1_168' title='bbox 557 3669 584 3717; x_wconf 88' lang='lat' dir='ltr'><strong>ct</strong></span> <span class='ocrx_word' id='word_1_169' title='bbox 616 3656 685 3715; x_wconf 76' lang='lat'><strong>150.</strong></span> <span class='ocrx_word' id='word_1_170' title='bbox 730 3654 783 3716; x_wconf 81' lang='lat' dir='ltr'><strong>Cff.</strong></span> <span class='ocrx_word' id='word_1_171' title='bbox 815 3677 886 3737; x_wconf 79' lang='lat' dir='ltr'><strong>quac</strong></span> <span class='ocrx_word' id='word_1_172' title='bbox 910 3654 1150 3737; x_wconf 60' lang='lat' dir='ltr'><strong>attulitCice-⁸</strong></span> 
     </span>
     <span class='ocr_line' id='line_1_28' title="bbox 179 3765 1119 3845; baseline 0.002 -23"><span class='ocrx_word' id='word_1_173' title='bbox 179 3767 294 3843; x_wconf 80' lang='lat' dir='ltr'><strong>¹ronis</strong></span> <span class='ocrx_word' id='word_1_174' title='bbox 326 3767 397 3827; x_wconf 85' lang='lat' dir='ltr'><strong>loca.</strong></span> <span class='ocrx_word' id='word_1_175' title='bbox 441 3768 480 3840; x_wconf 63' lang='grc' dir='ltr'><strong>(δ)</strong></span> <span class='ocrx_word' id='word_1_176' title='bbox 515 3767 638 3834; x_wconf 85' lang='lat' dir='ltr'><strong>Stahr,</strong></span> <span class='ocrx_word' id='word_1_177' title='bbox 678 3765 787 3828; x_wconf 76' lang='lat' dir='ltr'><strong>Arist.</strong></span> <span class='ocrx_word' id='word_1_178' title='bbox 824 3768 847 3835; x_wconf 90' lang='lat' dir='ltr'><strong>l,</strong></span> <span class='ocrx_word' id='word_1_179' title='bbox 887 3787 918 3845; x_wconf 88' lang='lat' dir='ltr'><strong>p.</strong></span> <span class='ocrx_word' id='word_1_180' title='bbox 946 3769 998 3845; x_wconf 84' lang='lat'><strong>55,</strong></span> <span class='ocrx_word' id='word_1_181' title='bbox 1027 3767 1062 3843; x_wconf 86' lang='lat'><strong>11,</strong></span> <span class='ocrx_word' id='word_1_182' title='bbox 1089 3785 1119 3843; x_wconf 88' lang='lat' dir='ltr'><strong>p.</strong></span> 
     </span>
     <span class='ocr_line' id='line_1_29' title="bbox 188 3871 1103 3957; baseline 0.012 -26"><span class='ocrx_word' id='word_1_183' title='bbox 188 3871 259 3931; x_wconf 71' lang='lat'><strong>285.</strong></span> <span class='ocrx_word' id='word_1_184' title='bbox 307 3875 345 3941; x_wconf 77' lang='lat'><strong>(3)</strong></span> <span class='ocrx_word' id='word_1_185' title='bbox 368 3874 456 3951; x_wconf 85' lang='lat' dir='ltr'><strong>Epist.</strong></span> <span class='ocrx_word' id='word_1_186' title='bbox 488 3875 619 3952; x_wconf 81' lang='lat' dir='ltr'><strong>CLXVll,</strong></span> <span class='ocrx_word' id='word_1_187' title='bbox 645 3877 723 3940; x_wconf 85' lang='lat' dir='ltr'><strong>Tota.</strong></span> <span class='ocrx_word' id='word_1_188' title='bbox 753 3877 824 3955; x_wconf 85' lang='lat' dir='ltr'><strong>Opp.</strong></span> <span class='ocrx_word' id='word_1_189' title='bbox 849 3878 902 3954; x_wconf 71' lang='lat'>111,</span> <span class='ocrx_word' id='word_1_190' title='bbox 924 3897 953 3957; x_wconf 87' lang='lat' dir='ltr'><strong>p.</strong></span> <span class='ocrx_word' id='word_1_191' title='bbox 977 3877 1035 3937; x_wconf 73' lang='lat'><strong>187</strong></span> <span class='ocrx_word' id='word_1_192' title='bbox 1066 3875 1103 3942; x_wconf 80' lang='lat' dir='ltr'><strong>C.</strong></span> 
     </span>
    </p>
   </div>
   <div class='ocr_carea' id='block_1_6' title="bbox 0 0 1325 4620">
    <p class='ocr_par' dir='ltr' id='par_1_7' title="bbox 0 0 1325 4620">
     <span class='ocr_line' id='line_1_30' title="bbox 0 0 1325 4620; baseline 0 0"><span class='ocrx_word' id='word_1_193' title='bbox 0 0 1325 4620; x_wconf 95' lang='lat' dir='ltr'><strong> </strong></span> 
     </span>
    </p>
   </div>
  </div>
 </body>
</html>
