2602 4620
614 284 675 351 112

173 489 323 564 quentem
344 485 480 558 segregat
490 473 531 539 ab
542 484 665 540 oratore
684 464 1121 556 Aristotelea—Quare

172 587 314 680 primum
342 585 382 652 ad
406 584 541 652 heroum
562 608 619 652 nos
648 580 800 673 (dactyli,
824 598 857 649 et
882 582 1062 673 anapaesti,
1086 599 1120 650 et

172 701 306 793 spondei
328 699 459 795 pedem)
480 701 612 770 invitata
635 701 670 765 in
690 700 900 791 qucimpuue
912 695 1062 789 progredi
1072 697 1117 764 li·

172 833 223 884 cet
243 814 309 884 duo
331 813 486 883 duntaxat
502 813 620 908 pedes,
645 830 699 881 aut
720 812 826 907 paullo
852 811 945 906 plus,
965 835 1007 879 ne
1023 796 1118 904 plane

172 937 207 1001 in
228 958 376 1019 versum,
397 951 452 1001 aut
478 931 717 1000 similitudinem
739 955 887 1000 versuum
899 926 1115 1015 incidamus,”

172 1067 205 1117 et
241 1052 276 1117 in
306 1054 440 1117 Oratore
474 1047 523 1140 (l)
552 1050 620 1140 ipse
654 1039 835 1117 Cicero:
871 1047 975 1138 „Qui
995 1071 1117 1140 paeana

172 1180 398 1259 praetereunt,
419 1189 486 1233 non
507 1163 618 1232 vident
641 1164 858 1233 mollissimum
882 1189 900 1229 a
920 1186 985 1231 sese
996 1185 1114 1263 pume-

172 1310 264 1360 rum,
300 1282 503 1375 eundemque
532 1282 759 1374 amplissimum
795 1283 967 1374 praeteriri.
1010 1280 1116 1372 Quod

171 1397 264 1486 longe
299 1398 541 1468 Aristoteli
577 1397 703 1467 videtur
734 1422 845 1480 secus,
878 1398 935 1489 qui
966 1394 1116 1484 judicat,

173 1513 307 1584 heroum
327 1538 498 1582 numerum
521 1510 740 1601 grandiorem,
770 1537 867 1604 quam
887 1510 1046 1580 desideret
1061 1536 1115 1580 so-

172 1631 239 1698 luta
272 1632 392 1715 orati03
424 1631 574 1719 jambum
606 1646 712 1699 autam
743 1629 837 1696 nimis
868 1651 886 1695 e
918 1625 1038 1715 vulgari
1055 1651 1118 1694 esse

173 1769 325 1815 sermone.
372 1746 419 1813 lta
440 1768 546 1835 neque
566 1743 744 1828 humilem,
769 1759 802 1811 et
822 1744 979 1842 abjectam
998 1743 1117 1811 oratio-

173 1888 270 1948 nem,
305 1888 365 1932 nec
395 1864 488 1931 nimis
522 1864 615 1931 altam
652 1879 684 1930 et
718 1879 935 1951 exaggeratam
969 1863 1114 1955 probate

174 1978 302 2069 plenam
324 1995 428 2045 tamen
450 2003 520 2045 eam
531 1978 599 2047 vult
621 2003 685 2047 esse
706 1979 884 2068 gravitatis,
914 1994 951 2046 ut
969 2001 1040 2063 eos,
1060 1979 1118 2069 qui

174 2088 303 2159 audient
329 2097 370 2157 ad
390 2094 539 2180 majorem
557 2091 798 2162 admirationem
819 2095 917 2185 possit
941 2092 1114 2160 traducere.

177 2206 379 2274 Trochaeum
413 2223 538 2292 autem,
580 2209 635 2299 qui
666 2226 713 2277 est
742 2206 854 2278 eodem
889 2209 1013 2300 spatio,
1045 2231 1115 2298 quo

175 2321 332 2404 choreus,
382 2320 548 2392 cordacem
581 2324 739 2418 appellat,
771 2326 846 2416 qnia
878 2324 1052 2392 contractio
1081 2339 1114 2390 et

58 2496 61 2503 .
174 2439 309 2508 brevitas
337 2436 524 2527 dignitatem
560 2464 626 2508 non
654 2441 779 2509 habeat.
824 2441 870 2508 Ita
893 2464 1009 2531 paeona
1027 2462 1111 2529 pro-

172 2555 247 2640 bat,
287 2577 388 2646 eoque
409 2555 454 2622 ait
474 2555 521 2621 uti
540 2578 669 2640 omnes,
692 2553 748 2622 sed
780 2555 864 2649 ipsos
886 2552 952 2623 uon
972 2545 1112 2635 sentire,

173 2670 275 2760 qdnm
306 2669 458 2737 utantur}
502 2693 567 2737 esse
599 2686 703 2738 autem
735 2673 863 2738 tertium
895 2696 933 2739 ac
969 2668 1112 2736 medium

173 2790 257 2854 inter
275 2787 364 2856 illosa
393 2786 448 2852 sed
470 2789 512 2854 ita
534 2787 632 2856 factos
656 2813 708 2856 eos
730 2786 828 2882 pedes
851 2811 931 2870 esse,
952 2802 989 2853 ut
1012 2786 1112 2852 ineis

173 2901 300 2991 singulis
322 2899 435 2970 modus
455 2902 530 2968 insit
549 2919 605 2970 ant
625 2904 821 2998 sesquiplex,
843 2919 896 2970 aut
908 2901 1045 2996 duplex,
1058 2917 1113 2968 aut

172 3022 267 3112 par.''
279 3057 326 3075 ·-
345 3022 438 3104 „lam
461 3027 606 3112 paeon,'’
627 3027 913 3119 pergitCicero,
926 3023 976 3115 (2)
996 3024 1113 3118 „qnod

172 3135 278 3230 plures
309 3134 425 3204 haheat
457 3123 603 3230 syllabas,
644 3167 742 3233 qnam
771 3158 863 3229 tres,
912 3165 1062 3210 numerus
1093 3167 1113 3208 a

175 3249 392 3346 quibusdam,
433 3275 499 3321 nou
530 3280 587 3348 pes
625 3258 771 3327 habetur.
814 3260 873 3326 Est
903 3256 1058 3350 quidem,
1076 3273 1114 3325 nt

174 3370 258 3436 inter
292 3389 402 3435 omnes
437 3385 559 3437 constat
590 3374 758 3462 antiquos,
789 3371 1113 3455 Aristotelem,

174 3487 527 3583 Theophrastum,
549 3489 857 3579 Theodectem,
882 3492 1111 3586 Ephorum,

178 3660 408 3684 ψει·

208 3776 301 3852 (rra.
325 3778 376 3837 er.
402 3775 448 3839 cr.
471 3776 622 3857 narras,
653 3780 688 3840 aa
718 3778 796 3841 ora.
819 3782 855 3874 aa
877 3782 957 3844 oar.
986 3758 1034 3860 ni,
1054 3783 1106 3843 rr.

172 3880 214 3959 (ἢ)
235 3876 315 3943 Orat.
341 3901 368 3940 c.
397 3884 451 3943 64.
