2602 4620
622 234 668 307 ,63

118 487 122 492 .
174 427 232 506 rit,
266 448 368 516 quum
394 423 610 510 gratissimum
639 419 731 489 ibdna
757 423 958 515 *Topicoruui
976 425 1113 495 locamus

171 544 252 631 juris
273 544 376 635 perito
392 564 475 606 esna
496 539 649 605 sententia
661 539 858 609 utilissimum
882 540 954 630 (i),
978 542 1054 627 aliis,
1074 554 1113 610 'tte

177 644 244 749 ipse
265 656 391 742 fatetur,
410 657 606 750 occupatus,
628 657 812 723 memoriter
833 658 874 725 ita
900 656 1024 725 tradere
1047 681 1112 751 po-

179 779 274 845 tuerit
302 777 363 866 (2)
434 834 437 840 .
969 785 972 789 “
1108 790 1112 796 ’

186 930 189 937 ·
224 888 443 979 „1neidisti,'’-
465 892 556 956 nteit
578 890 733 956 Cicero
757 886 831 977 (3),
852 891 920 972 „in
944 889 1118 958 Aristo-

184 1007 280 1074 telis
315 1009 439 1100 Topica
470 1002 645 1096 quaedam,
677 1029 759 1096 quae
777 1022 852 1072 sunt
874 1008 915 1071 ab
939 1004 994 1072 illo
1011 1004 1118 1096 pluri·

183 1126 242 1190 bus
272 1122 359 1190 libris
387 1120 551 1212 explicata.
597 1123 897 1212 Quavinsc'riptione
921 1138 1120 1204 commotus,-

185 1242 337 1308 'oontinno
371 1263 387 1304 a
409 1263 460 1304 me
477 1261 598 1322 ,eorum
619 1239 774 1305 librorum
791 1239 981 1306 sententiam
1003 1238 1118 1328 requi·

185 1357 257 1423 sisti.
288 1357 409 1445 Quam
441 1355 499 1421 tibi
536 1379 639 1444 quum
657 1351 896 1444 exposuissem,
917 1352 1119 1446 disciplinam

186 1470 447 1541 inveniendorum
469 1487 751 1558 argumentorum,
773 1485 811 1536 nt
836 1472 906 1536 sine
925 1471 996 1536 ullo
1011 1492 1119 1536 errore

188 1586 320 1654 adeam
344 1589 499 1654 rationem
523 1588 572 1652 via
603 1587 839 1674 perveniremus
869 1586 909 1651 ab
952 1573 1123 1652 Aristo*-

191 1701 277 1768 2ete
311 1700 458 1784 avena,
493 1698 580 1766 tara
603 1700 662 1766 ibis·
683 1683 863 1768 'cottana-t:
888 1698 1070 1767 verecunde
1086 1697 1125 1764 a·

192 1815 342 1906 quidem,
365 1832 402 1882 ut
421 1818 551 1898 omnia,
574 1815 628 1882 sed
642 1813 753 1882 tamen
764 1815 855 1882 facile
873 1831 909 1882 ut
922 1804 1125 1882 cerneremfte

193 1932 302 2000 ardere
335 1929 464 2013 studio,
502 1954 654 2015 mecum,
685 1946 725 1994 nt
761 1931 820 1996 tibi
854 1929 904 1996 ssla
948 1928 1127 2009 traderem,

191 2051 287 2137 ‘egisti
311 2050 395 2114 Cum
419 2065 522 2114 autem
541 2070 600 2134 ego
622 2064 673 2130 te,
699 2071 764 2115 non
786 2063 850 2114 tam
873 2043 996 2115 vitandi
1013 2047 1130 2114 laboris

190 2169 256 2234 ‘mei
279 2190 388 2247 cansa,
413 2188 511 2254 qnam
530 2161 667 2255 quodid
682 2180 735 2231 tua
759 2165 905 2231 interesse
935 2165 1130 2240 arbitrarer,

192 2282 252 2376 ‹rel‘
266 2297 303 2347 nt
326 2305 376 2348 cos
396 2276 454 2373 per
477 2297 507 2346 te
527 2281 536 2345 i
538 2281 594 2372 pse
616 2279 753 2366 legeres,
773 2280 825 2347 vel
845 2298 882 2347 nt
906 2297 1003 2348 totam
1027 2282 1128 2347 ratio·

195 2545 198 2553 '
240 2536 282 2612 (ii
302 2537 338 2594 de
373 2535 452 2594 Orat.
488 2536 512 2609 i,
552 2536 604 2593 di.
649 2535 689 2611 (b)
712 2536 747 2594 ad
782 2536 860 2595 Fam'.
892 2537 953 2612 Vll,
982 2537 1036 2615 Ep.
1068 2537 1133 2598 te:

198 2690 221 2722 ‚,
237 2645 320 2716 Quod
348 2644 486 2720 praesenti
507 2643 557 2702 tibi
572 2651 660 2722 prope
686 2645 867 2723 subnegaram
878 2690 887 2719 ,
911 2648 1135 2708 non‘tribneraitt

200 2767 304 2832 certe,
347 2755 375 2814 id
414 2741 520 2816 absenti
544 2755 646 2815 debere
670 2776 725 2815 non
749 2756 837 2834 potui.
880 2758 997 2836 ltaque,
1020 2770 1050 2818 nt
1073 2733 1136 2838 patl-

202 2885 277 2925 nrum
315 2865 392 2924 Velia
417 2864 544 2942 navigare
567 2866 668 2943 coepi,
705 2866 807 2925 institui
829 2866 932 2945 Topica
956 2867 1138 2928 Aristote-

202 2975 252 3059 lia
277 2973 476 3038 conscribere,
499 2974 534 3032 ab
563 2973 622 3050 ipsa
648 2975 717 3032 urbe
744 2949 927 3053 commonitus
949 2975 1136 3034 amantissima

196 3085 253 3144 tui.
298 3083 367 3142 Eum
401 3083 502 3141 librum
544 3082 593 3141 tibi
628 3083 689 3140 misi
713 3083 859 3170 Rhegio,
880 3084 1031 3163 scriptum,
1055 3102 1139 3163 quam

200 3192 361 3272 ‘planissime
389 3211 435 3251 res
456 3191 503 3249 ilia
533 3191 615 3250 scribi
646 3191 745 3268 potuit.
789 3187 838 3251 Sin
862 3193 910 3252 tibi
937 3193 1073 3274 quaedam
1099 3180 1141 3252 ri-

202 3277 345 3362 debuntur
371 3302 548 3377 obscuriora,
579 3301 700 3379 cogitare
724 3302 840 3362 debebis
864 3304 966 3363 nullam
980 3302 1142 3364 artemlite·

202 3409 247 3469 'ris
271 3409 329 3468 sine
356 3409 526 3489 interprete.
552 3421 580 3471 et
604 3411 664 3469 sine
690 3411 780 3489 aliqua
807 3411 1004 3471 exercitatione
1034 3388 1141 3490 percipi

201 3529 303 3598 posse.
320 3554 355 3565 -
377 3517 549 3596 Quamquam
578 3503 631 3587 tu,
660 3519 683 3579 si
711 3532 815 3580 attente
839 3519 934 3596 leges,
965 3519 988 3578 si
1009 3520 1141 3598 saepius,
1165 3584 1168 3589 ,

209 3647 262 3706 per
289 3641 316 3688 te
344 3627 436 3686 omnia
460 3647 647 3707 consequere,
671 3639 713 3688 ut·
726 3640 802 3712 certe
825 3627 974 3704 intelligas,
1018 3628 1055 3689 Ut
1077 3618 1146 3693 reio

211 3739 293 3798 etiarn
321 3737 373 3816 ipsi
401 3736 450 3796 tibi
475 3736 549 3813 loci,
586 3737 727 3816 proposita
756 3727 940 3817 quaestione,
973 3753 1144 3828 occurrant,

214 3847 407 3910 exercitatione
429 3846 633 3923 consequere.’'
677 3845 715 3922 (3)
739 3843 810 3922 Top.
841 3866 866 3904 c.
897 3848 944 3905 ip
