2602 4620
708 329 729 394 l

255 514 414 584 to'teles
457 537 522 578 vion
568 512 760 582 laridandus
786 513 856 603 (l),
893 516 1072 604 praeclare
1112 535 1193 605 ergo

255 628 519 699 Aristoteles
543 629 604 720 (2).
648 629 746 695 Illud
764 653 840 697 vem
862 633 904 697 ab
936 629 1195 697 Aristotele

254 747 544 829 animadversum,
566 771 590 812 a
610 769 674 834 quo
693 747 879 834 pleraque,
900 749 975 833 quis
993 755 1103 834 potest
1125 769 1194 811 non

255 869 377 929 mirari
398 862 477 948 (3)?

268 1030 270 1035 ,
297 978 420 1069 Quodsi
455 978 510 1044 hes
535 977 663 1059 leudes,
700 979 818 1067 quibus
853 978 924 1043 aliae
958 978 1010 1044 rix
1034 980 1192 1070 aequipe-

253 1091 477 1173 randae,cum
499 1086 765 1155 Aristotelis
787 1087 929 1176 scriptis,
950 1103 986 1151 ut
998 1107 1190 1176 supersunt,

254 1229 491 1293 comparemus,
516 1205 632 1270 mirum
655 1200 734 1292 quid
760 1202 911 1269 continuo
936 1201 1026 1268 nobis
1047 1201 1189 1288 accidit,

252 1340 284 1391 et
307 1323 559 1389 Ciceronem
581 1316 659 1384 adeo
676 1319 786 1404 nugari
804 1333 970 1407 putumuss
996 1315 1191 1384 admiramur

254 1434 386 1526 quidem
407 1436 496 1501 iniis
520 1435 637 1520 ingenii
661 1456 817 1515 acumen,
851 1435 885 1497 in
923 1435 1016 1498 rebus
1042 1435 1200 1524 parlier--

252 1552 322 1634 dis,
346 1549 537 1619 deliniendis
562 1566 594 1616 et
615 1547 794 1637 dijucandis
820 1548 1049 1632 subtilitatem
1087 1573 1184 1615 orne-

250 1686 355 1739 mentu
391 1692 465 1736 vero
495 1665 644 1750 dicendi,
680 1667 825 1732 orationis
857 1666 1036 1730 suavitatem
1060 1687 1190 1754 prorsus

147 1769 150 1775 Ι
251 1785 485 1865 desideramus,
511 1801 543 1850 et
566 1807 675 1876 saepe,
690 1807 764 1850 eum
787 1782 985 1872 Trebatio
1007 1780 1189 1868 interpretis

251 1925 367 1968 munus
386 1903 603 1988 requirentes,
638 1900 677 1964 ab
700 1901 768 1984 ejus
790 1895 944 1962 librorum
967 1894 1099 1962 lectione
1121 1896 1187 1960 ob-

252 2017 399 2084 scuritate
421 2017 603 2101 rejicimur3
642 2011 696 2078 sed
730 2015 755 2078 si
777 2010 956 2098 diligentius
989 2027 1051 2076 tum
1082 2011 1186 2077 Ari·

252 2148 315 2197 sto
327 2128 385 2194 tel
397 2129 430 2193 is
454 2152 551 2217 quum
571 2130 807 2195 Ciceronis
828 2130 1020 2216 scriptorum
1035 2128 1188 2194 rationem

249 2242 535 2338 perpenderimus,
558 2241 649 2310 hun'e
674 2246 840 2310 maximam
863 2261 986 2333 partem
1010 2244 1089 2309 illius
1110 2242 1184 2308 dia·

248 2361 331 2448 logos
355 2360 429 2447 (l),
455 2356 496 2424 de
533 2358 649 2448 quibus
685 2360 799 2446 injuria
832 2375 1010 2448 temporum
1039 2357 1184 2447 judicare

248 2502 313 2545 non
348 2477 441 2559 licet,
479 2474 646 2565 respexisse
679 2474 883 2560 intelligemus
920 2475 991 2564 (5);
1031 2500 1065 2541 ea
1099 2477 1184 2541 enim

245 2703 485 2723 m

290 2817 329 2891 (l)
345 2815 379 2872 de
395 2815 479 2873 ΝΛ).
496 2815 532 2882 ΙΙ,
554 2818 601 2874 Ι6.
642 2816 853 2891 (struent.
888 2816 1092 2895 (5)ll›.t.‹l9.
1137 2819 1183 2880 (ΙΙ.

245 2923 335 2981 Acad.
359 2922 393 2987 ll,
416 2923 529 2997 lan-de
559 2925 619 2982 Fin.
645 2926 679 3000 ll,
708 2926 738 2998 6,
764 2926 799 2984 tle
819 2925 905 3004 Legg.
927 2928 975 2994 ΙΙΙ,
996 2927 1024 2994 6,
1067 2928 1102 2986 nd
1122 2928 1181 2990 Att.

245 3034 294 3109 lV,
311 3033 364 3110 Ep.
387 3033 434 3091 16.
467 3035 505 3110 (l)
518 3035 562 3092 Cl.
577 3035 686 3113 wyri.
708 3035 807 3094 Pruee.
831 3036 905 3095 Phit.
917 3037 985 3114 Lng.
1000 3057 1031 3114 p.
1047 3037 1096 3096 99.
1142 3041 1182 3116 (5)

243 3145 286 3201 Ex
310 3143 526 3214 recentioribus,
569 3146 615 3223 qui
649 3147 676 3204 in
708 3145 919 3208 Aristotele
952 3148 1091 3209 laudando
1117 3151 1183 3209 sutis

244 3251 320 3329 parui
345 3253 489 3330 videntur,
524 3255 584 3332 ejus
614 3255 804 3333 scriptorum,
831 3275 902 3334 quae
930 3270 1095 3334 supersunt,
1119 3259 1183 3318 lau-

244 3363 295 3421 ‹les
310 3362 402 3421 nullus
413 3363 511 3424 melius
525 3364 661 3442 percipit,
691 3383 773 3443 quum
790 3365 843 3424 Fr.
863 3365 1060 3443 stringet,
1077 3368 1181 3428 Geseh.

214 3490 217 3497 ·
244 3472 295 3533 der
313 3473 386 3532 alten
404 3473 461 3532 und
474 3492 578 3533 neuern
592 3473 678 3532 Liter.
706 3473 739 3532 T.
759 3474 782 3550 1,
810 3494 840 3552 p.
869 3473 919 3550 78,
945 3473 979 3532 T.
997 3475 1034 3551 ΙΙ,
1063 3495 1093 3554 p.
1106 3477 1180 3536 210:

186 3614 187 3619 κ
245 3625 267 3658 ,,
280 3582 330 3642 Als
349 3583 547 3643 Schriltsteller
573 3583 621 3641 hat
644 3583 870 3644 Aristoteles
890 3586 944 3644 den
965 3583 1117 3644 Chartlter
1132 3584 1185 3643 der

243 3691 383 3768 relegant,
407 3694 457 3752 der
485 3693 513 3750 in
538 3692 643 3751 seinem
663 3692 794 3752 Zeitnlter
814 3713 847 3753 zu
875 3695 1025 3756 henschen
1055 3693 1182 3772 unfing.”

246 3801 303 3876 „ln
332 3788 383 3861 der
407 3815 535 3880 strengen
558 3801 806 3880 Angemessenheit
833 3804 879 3863 bei
903 3805 954 3865 der
978 3803 1185 3865 velllrommnen

120 3984 124 3991 Ι
172 3976 176 3985 ,
244 3913 369 3974 lllarlreit
389 3915 439 3974 der
467 3912 747 3976 wissensclnl'tlielren
776 3914 936 3977 Schreibart
972 3918 1020 3978 lut
1043 3916 1186 3980 Aristo.
