2602 4620
644 318 706 390 102

200 509 302 577 Iium
322 504 444 579 morem
468 505 563 592 megia
581 503 791 574 excolendum
815 505 984 590 erebum,
1010 511 1091 594 jam·
1107 536 1149 597 ax

205 629 269 697 boo
288 625 434 708 Iono,.ni
451 621 564 706 fallor,
596 637 749 713 apparct3
770 620 831 705 ,³⁸11
853 621 985 689 ulterius
1005 648 1144 715 pmgreae

207 741 291 822 dior,
314 757 454 827 eumque
475 737 610 806 Attici
632 735 942 804 coneiliisiniIIorite
954 739 1143 829 percipien-

206 862 252 930 do
280 863 414 932 maxime
447 881 540 926 usum
569 880 634 926 esee
657 880 793 942 censeo,
827 857 916 946 quod
935 881 974 924 ex
993 857 1058 927 boc
1075 862 1145 946 ejm

204 976 419 1065 Epistolarum
451 973 520 1042 Ioco
551 972 602 1058 (l)
623 972 694 1040 satia
715 971 923 1064 probabiliter
948 972 1031 1044 effici
1052 998 1143 1064 posse

204 1093 284 1160 mibi
316 1090 464 1159 videturz
512 1084 829 1170 Lucullumfflu
862 1085 942 1157 mibi
971 1083 1141 1168 addidisti,

201 1236 277 1280 sane
300 1211 448 1278 edilium
471 1211 610 1300 σύλλογον
642 1234 810 1300 personam
831 1208 987 1277 idoneam.
1033 1207 1139 1279 vide-

200 1337 252 1403 bis
274 1337 388 1422 igitur,
411 1336 436 1400 ai
456 1335 593 1424 poteris,
612 1348 735 1401 ‘ceteros
748 1356 765 1418 3·
785 1349 821 1400 ut
833 1334 986 1423 possimus
1001 1341 1140 1423 πομπεῦ-

199 1486 248 1527 σαι
274 1460 324 1526 καὶ
349 1464 407 1537 τοῖς
430 1454 625 1552 προσώποιςῖι

244 1578 336 1649 Libri
362 1575 404 1643 de
437 1577 588 1655 Finibus,
617 1577 683 1665 'qui
713 1572 888 1643 admirabili
922 1577 1067 1643 acumine
1106 1595 1138 1644 et

196 1710 264 1757 rara
275 1687 441 1769 facundia,
454 1685 614 1777 elegantia,
635 1690 860 1779 perspicuitate
877 1688 1060 1756 enitescunt
1072 1690 1136 1780 (2),

195 1806 340 1873 referunt
368 1824 500 1896 prorsus
528 1805 681 1870 rationem
714 1826 811 1893 quam
844 1800 926 1869 libro
948 1805 1065 1894 quinto
1087 1804 1136 1894 (3)

187 1924 341 1989 Cicero
375 1918 594 1988 Aristoteli
610 1919 782 2010 propriam
806 1941 869 1986 asse
890 1919 1026 1992 fatetur:
1053 1926 1135 2006 „Ut

195 2060 263 2102 non
288 2051 397 2102 contra
418 2036 522 2104 omnia
540 2058 676 2126 semper,
693 2035 775 2105 sicut
789 2034 820 2103 A
832 2035 1015 2121 raesilea,
1038 2037 1131 2108 dice*

193 2165 265 2231 ret,
288 2164 320 2214 at
345 2163 469 2231 tamen,
492 2163 529 2213 ut
548 2148 584 2214 in
602 2148 752 2220 omnibus
771 2150 886 2235 rebus,
905 2151 1069 2245 ⁸quidquid
1090 2178 1132 2223 ex

193 2279 328 2352 utraque
342 2268 438 2355 'parte
460 2260 524 2332 dici
534 2278 656 2356 posset,
670 2266 902 2354 expromeret.”
925 2267 1033 2342 Primo
1043 2267 1131 2338 enim

190 2379 278 2447 Iibro
314 2378 501 2467 Epicureis,
537 2379 629 2448 tertio
664 2379 776 2449 Stoicis
811 2380 933 2470 placitis
962 2386 1131 2472 expositis,

191 2493 333 2567 secundo
363 2512 396 2563 et
431 2511 545 2584 quarto
577 2496 728 2571 Cicero
762 2519 796 2562 ca
819 2496 989 2582 refutavit3
1014 2501 1132 2589 quinto

190 2636 266 2681 vero
298 2613 408 2686 veteris
443 2609 652 2694 Academiae,
685 2611 733 2691 vel
764 2613 869 2703 potius
891 2613 1127 2703 Antiochi,

187 2728 342 2801 urionem
375 2725 509 2795 maxime
541 2725 699 2816 probarit.
765 2728 804 2799 Io
834 2726 885 2803 hia
915 2727 993 2803 adeo
1018 2731 1127 2816 libris,

185 2841 344 2928 Epicurea
377 2862 581 2928 proponens,
613 2863 722 2929 eorum
744 2845 915 2930 orationem
929 2829 1030 2935 'magis
1049 2849 1125 2939 ple-

78 2968 85 2984 *
185 2979 262 3032 uam
281 2970 378 3047 atque
396 2955 574 3038 remissam,
598 2957 715 3028 Stoicae
733 2975 839 3049 partes
859 2984 962 3048 agens,
982 2962 1125 3051 spinosi.

188 3095 276 3147 orem
299 3069 486 3162 disputandi
507 3072 683 3157 rationem
709 3075 766 3140 ubi
789 3099 862 3160 aero
883 3075 1072 3167 Academica
1093 3100 1125 3151 er

184 3187 392 3274 Peripatetica
416 3185 528 3279 placita
551 3190 701 3282 exponit,
721 3192 912 3263 uberrimam
920 3217 1032 3263 eorum
1048 3220 1123 3267 ora·

183 3303 303 3376 tionem
333 3302 448 3372 imitari
480 3302 602 3375 studet:
649 3307 841 3400 „Itaque,''
875 3325 913 3403 ut
931 3312 975 3377 ait
996 3313 1120 3385 Cice-

181 3442 228 3485 ro
253 3416 324 3506 (4),
347 3441 567 3510 „quamquam
587 3421 842 3510 ineosermone,
865 3426 1006 3518 quicum
1017 3429 1118 3500 Tor·

171 3592 409 3615 m

216 3673 258 3748 (t)
280 3670 316 3730 ad
344 3672 417 3738 Art.
440 3673 513 3740 XIII,
539 3673 594 3752 Ep.
624 3677 674 3739 52.
706 3679 750 3739 ct
781 3682 953 3751 Krische,
977 3682 1014 3746 0.
1040 3685 1061 3743 I.
1083 3704 1114 3760 p.

177 3779 225 3838 I9.
270 3779 309 3855 (2)
332 3779 376 3841 CI.
406 3781 600 3861 Kuehuer,
624 3784 661 3844 0.
678 3786 699 3845 Ι.
719 3807 749 3866 p.
771 3790 822 3849 55.
868 3792 908 3868 (ὅ)
932 3811 959 3852 o.
989 3793 1021 3852 I.
1056 3791 1111 3852 cu.

172 3887 194 3945 1.
223 3887 274 3962 IV,
304 3890 323 3947 4
347 3903 377 3948 ct
404 3892 440 3951 ad
461 3892 535 3952 Att.
561 3895 634 3967 XIII,
656 3897 709 3976 Ep.
735 3901 783 3959 19.
821 3902 913 3978 (bide
939 3903 1064 3980 Fiunt,
1084 3906 1111 3964 I.
