<?xml version="1.0" encoding="UTF-8"?>
<!DOCTYPE html PUBLIC "-//W3C//DTD XHTML 1.0 Transitional//EN"
    "http://www.w3.org/TR/xhtml1/DTD/xhtml1-transitional.dtd">
<html xmlns="http://www.w3.org/1999/xhtml" xml:lang="en" lang="en">
 <head>
  <title>
</title>
<meta http-equiv="Content-Type" content="text/html;charset=utf-8" />
  <meta name='ocr-system' content='tesseract 3.04.00' />
  <meta name='ocr-capabilities' content='ocr_page ocr_carea ocr_par ocr_line ocrx_word'/>
</head>
<body>
  <div class='ocr_page' id='page_1' title='image "./disquisitiocrit00baumgoog_0025.png"; bbox 0 0 2602 4620; ppageno 0'>
   <div class='ocr_carea' id='block_1_1' title="bbox 726 301 747 364">
    <p class='ocr_par' dir='ltr' id='par_1_1' title="bbox 726 301 747 364">
     <span class='ocr_line' id='line_1_1' title="bbox 726 301 747 364; baseline 0 0"><span class='ocrx_word' id='word_1_1' title='bbox 726 301 747 364; x_wconf 84' lang='lat'>2</span> 
     </span>
    </p>
   </div>
   <div class='ocr_carea' id='block_1_2' title="bbox 263 483 1210 1728">
    <p class='ocr_par' dir='ltr' id='par_1_2' title="bbox 263 483 1210 1728">
     <span class='ocr_line' id='line_1_2' title="bbox 271 483 1207 577; baseline -0.002 -24"><span class='ocrx_word' id='word_1_2' title='bbox 271 489 414 577; x_wconf 73' lang='lat' dir='ltr'><strong><em>diligeris</em></strong></span> <span class='ocrx_word' id='word_1_3' title='bbox 446 484 629 552; x_wconf 82' lang='lat' dir='ltr'><strong><em>disserendi</em></strong></span> <span class='ocrx_word' id='word_1_4' title='bbox 662 483 748 548; x_wconf 84' lang='lat' dir='ltr'><strong><em>daos</em></strong></span> <span class='ocrx_word' id='word_1_5' title='bbox 784 484 904 549; x_wconf 83' lang='lat' dir='ltr'><strong><em>hebeat</em></strong></span> <span class='ocrx_word' id='word_1_6' title='bbox 928 496 1070 574; x_wconf 82' lang='lat' dir='ltr'><strong><em>partes,</em></strong></span> <span class='ocrx_word' id='word_1_7' title='bbox 1102 510 1207 552; x_wconf 82' lang='lat' dir='ltr'><strong><em>unam</em></strong></span> 
     </span>
     <span class='ocr_line' id='line_1_3' title="bbox 269 599 1206 690; baseline -0.003 -21"><span class='ocrx_word' id='word_1_8' title='bbox 269 604 480 685; x_wconf 79' lang='lat' dir='ltr'><strong><em>inveniendi,</em></strong></span> <span class='ocrx_word' id='word_1_9' title='bbox 504 603 646 667; x_wconf 81' lang='lat' dir='ltr'><strong><em>alteram</em></strong></span> <span class='ocrx_word' id='word_1_10' title='bbox 659 599 863 686; x_wconf 80' lang='lat' dir='ltr'><strong><em>judicandi:</em></strong></span> <span class='ocrx_word' id='word_1_11' title='bbox 896 606 1070 688; x_wconf 79' lang='lat' dir='ltr'><strong><em>utriusque</em></strong></span> <span class='ocrx_word' id='word_1_12' title='bbox 1099 608 1206 690; x_wconf 76' lang='lat' dir='ltr'><strong><em>pria·-</em></strong></span> 
     </span>
     <span class='ocr_line' id='line_1_4' title="bbox 269 715 1206 807; baseline 0 -24"><span class='ocrx_word' id='word_1_13' title='bbox 269 741 353 807; x_wconf 82' lang='lat' dir='ltr'><strong><em>ceps,</em></strong></span> <span class='ocrx_word' id='word_1_14' title='bbox 364 729 403 783; x_wconf 83' lang='lat' dir='ltr'><strong><em>ut</em></strong></span> <span class='ocrx_word' id='word_1_15' title='bbox 413 719 494 784; x_wconf 67' lang='lat' dir='ltr'><strong><em>moiri</em></strong></span> <span class='ocrx_word' id='word_1_16' title='bbox 502 716 633 806; x_wconf 76' lang='lat' dir='ltr'><strong><em>quidem</em></strong></span> <span class='ocrx_word' id='word_1_17' title='bbox 645 716 791 800; x_wconf 81' lang='lat' dir='ltr'><strong><em>videtur,</em></strong></span> <span class='ocrx_word' id='word_1_18' title='bbox 807 715 943 782; x_wconf 80' lang='lat' dir='ltr'><strong>Aristo</strong></span> <span class='ocrx_word' id='word_1_19' title='bbox 953 716 1156 803; x_wconf 81' lang='lat' dir='ltr'><strong><em>telesfat&#39;t(</em></strong></span> <span class='ocrx_word' id='word_1_20' title='bbox 1179 716 1206 805; x_wconf 88' lang='lat'><strong><em>)‚</em></strong></span> 
     </span>
     <span class='ocr_line' id='line_1_5' title="bbox 263 831 1207 923; baseline 0 -25"><span class='ocrx_word' id='word_1_21' title='bbox 263 840 422 923; x_wconf 70' lang='lat' dir='ltr'><strong><em>princeps</em></strong></span> <span class='ocrx_word' id='word_1_22' title='bbox 455 857 536 898; x_wconf 82' lang='lat' dir='ltr'><strong><em>ustis</em></strong></span> <span class='ocrx_word' id='word_1_23' title='bbox 559 842 609 897; x_wconf 84' lang='lat' dir='ltr'><strong><em>est</em></strong></span> <span class='ocrx_word' id='word_1_24' title='bbox 630 837 778 898; x_wconf 81' lang='lat' dir='ltr'><strong><em>maxima</em></strong></span> <span class='ocrx_word' id='word_1_25' title='bbox 801 831 933 898; x_wconf 82' lang='lat' dir='ltr'><strong><em>dicendi</em></strong></span> <span class='ocrx_word' id='word_1_26' title='bbox 955 837 1207 916; x_wconf 77' lang='lat' dir='ltr'><strong><em>exercitatione,</em></strong></span> 
     </span>
     <span class='ocr_line' id='line_1_6' title="bbox 270 949 1206 1037; baseline 0 -23"><span class='ocrx_word' id='word_1_27' title='bbox 270 950 311 1014; x_wconf 84' lang='lat' dir='ltr'><strong><em>de</em></strong></span> <span class='ocrx_word' id='word_1_28' title='bbox 341 951 489 1015; x_wconf 81' lang='lat' dir='ltr'><strong><em>omnibns</em></strong></span> <span class='ocrx_word' id='word_1_29' title='bbox 521 949 618 1013; x_wconf 80' lang='lat' dir='ltr'><strong><em>rebus</em></strong></span> <span class='ocrx_word' id='word_1_30' title='bbox 652 951 688 1012; x_wconf 81' lang='lat' dir='ltr'><strong><em>io</em></strong></span> <span class='ocrx_word' id='word_1_31' title='bbox 722 951 912 1012; x_wconf 80' lang='lat' dir='ltr'><strong><em>contrarias</em></strong></span> <span class='ocrx_word' id='word_1_32' title='bbox 941 957 1061 1037; x_wconf 83' lang='lat' dir='ltr'><strong><em>partes</em></strong></span> <span class='ocrx_word' id='word_1_33' title='bbox 1097 949 1206 1015; x_wconf 83' lang='lat' dir='ltr'><strong><em>disse·</em></strong></span> 
     </span>
     <span class='ocr_line' id='line_1_7' title="bbox 270 1061 1207 1152; baseline 0.001 -26"><span class='ocrx_word' id='word_1_34' title='bbox 270 1064 369 1128; x_wconf 83' lang='lat' dir='ltr'><strong><em>rendi</em></strong></span> <span class='ocrx_word' id='word_1_35' title='bbox 391 1061 462 1150; x_wconf 82' lang='lat'>(2),</span> <span class='ocrx_word' id='word_1_36' title='bbox 486 1083 612 1152; x_wconf 77' lang='lat' dir='ltr'><strong><em>magna</em></strong></span> <span class='ocrx_word' id='word_1_37' title='bbox 635 1066 740 1127; x_wconf 70' lang='lat' dir='ltr'><strong><em>anoni</em></strong></span> <span class='ocrx_word' id='word_1_38' title='bbox 760 1066 924 1127; x_wconf 77' lang='lat' dir='ltr'><strong><em>contentio</em></strong></span> <span class='ocrx_word' id='word_1_39' title='bbox 949 1062 1137 1130; x_wconf 74' lang='lat' dir='ltr'><strong><em>adhibenda</em></strong></span> <span class='ocrx_word' id='word_1_40' title='bbox 1157 1075 1207 1128; x_wconf 86' lang='lat' dir='ltr'><strong><em>est</em></strong></span> 
     </span>
     <span class='ocr_line' id='line_1_8' title="bbox 273 1176 1206 1267; baseline 0 -25"><span class='ocrx_word' id='word_1_41' title='bbox 273 1178 470 1267; x_wconf 74' lang='lat' dir='ltr'><strong><em>explicando</em></strong></span> <span class='ocrx_word' id='word_1_42' title='bbox 493 1176 711 1243; x_wconf 81' lang='lat' dir='ltr'>Aristoteli</span> <span class='ocrx_word' id='word_1_43' title='bbox 736 1177 805 1265; x_wconf 84' lang='lat'>(3);</span> <span class='ocrx_word' id='word_1_44' title='bbox 829 1176 875 1244; x_wconf 84' lang='lat' dir='ltr'><strong><em>vel</em></strong></span> <span class='ocrx_word' id='word_1_45' title='bbox 896 1179 963 1263; x_wconf 89' lang='lat' dir='ltr'><strong><em>ejus</em></strong></span> <span class='ocrx_word' id='word_1_46' title='bbox 988 1179 1206 1244; x_wconf 80' lang='lat' dir='ltr'><strong><em>ubertatemet</em></strong></span> 
     </span>
     <span class='ocr_line' id='line_1_9' title="bbox 272 1290 1208 1381; baseline -0.001 -23"><span class='ocrx_word' id='word_1_47' title='bbox 272 1290 400 1358; x_wconf 86' lang='lat' dir='ltr'><strong><em>dicendi</em></strong></span> <span class='ocrx_word' id='word_1_48' title='bbox 435 1306 637 1359; x_wconf 82' lang='lat' dir='ltr'><strong><em>ornamenta:</em></strong></span> <span class='ocrx_word' id='word_1_49' title='bbox 685 1291 991 1371; x_wconf 82' lang='lat' dir='ltr'><strong><em>Aristoteles,</em></strong></span> <span class='ocrx_word' id='word_1_50' title='bbox 1034 1296 1094 1381; x_wconf 82' lang='lat' dir='ltr'><strong><em>qai</em></strong></span> <span class='ocrx_word' id='word_1_51' title='bbox 1125 1293 1208 1358; x_wconf 85' lang='lat' dir='ltr'><strong><em>ltaec</em></strong></span> 
     </span>
     <span class='ocr_line' id='line_1_10' title="bbox 272 1406 1210 1493; baseline 0.001 -23"><span class='ocrx_word' id='word_1_52' title='bbox 272 1412 414 1472; x_wconf 80' lang='lat' dir='ltr'><strong><em>maxime</em></strong></span> <span class='ocrx_word' id='word_1_53' title='bbox 437 1407 624 1470; x_wconf 79' lang='lat' dir='ltr'><strong><em>illustravit</em></strong></span> <span class='ocrx_word' id='word_1_54' title='bbox 647 1406 715 1493; x_wconf 74' lang='lat'><strong><em>(4),</em></strong></span> <span class='ocrx_word' id='word_1_55' title='bbox 752 1429 818 1470; x_wconf 81' lang='lat' dir='ltr'><strong><em>noa</em></strong></span> <span class='ocrx_word' id='word_1_56' title='bbox 839 1408 944 1471; x_wconf 82' lang='lat' dir='ltr'><strong><em>solum</em></strong></span> <span class='ocrx_word' id='word_1_57' title='bbox 966 1410 1124 1491; x_wconf 86' lang='lat' dir='ltr'><strong><em>meliora,</em></strong></span> <span class='ocrx_word' id='word_1_58' title='bbox 1149 1408 1210 1473; x_wconf 82' lang='lat' dir='ltr'><strong><em>sed</em></strong></span> 
     </span>
     <span class='ocr_line' id='line_1_11' title="bbox 274 1521 1205 1610; baseline 0.002 -24"><span class='ocrx_word' id='word_1_59' title='bbox 274 1526 374 1587; x_wconf 82' lang='lat' dir='ltr'><strong><em>eiiam</em></strong></span> <span class='ocrx_word' id='word_1_60' title='bbox 395 1523 500 1585; x_wconf 76' lang='lat' dir='ltr'><strong><em>mallo</em></strong></span> <span class='ocrx_word' id='word_1_61' title='bbox 523 1522 632 1610; x_wconf 78' lang='lat' dir='ltr'><strong><em>plura</em></strong></span> <span class='ocrx_word' id='word_1_62' title='bbox 655 1521 922 1587; x_wconf 83' lang='lat' dir='ltr'><strong><em>Aristotelem</em></strong></span> <span class='ocrx_word' id='word_1_63' title='bbox 946 1523 1053 1589; x_wconf 82' lang='lat' dir='ltr'><strong><em>-de</em></strong></span> <span class='ocrx_word' id='word_1_64' title='bbox 1075 1524 1125 1588; x_wconf 83' lang='lat' dir='ltr'><strong><em>liis</em></strong></span> <span class='ocrx_word' id='word_1_65' title='bbox 1147 1546 1205 1588; x_wconf 91' lang='lat' dir='ltr'><strong><em>re-</em></strong></span> 
     </span>
     <span class='ocr_line' id='line_1_12' title="bbox 274 1637 1208 1728; baseline -0.002 -25"><span class='ocrx_word' id='word_1_66' title='bbox 274 1641 352 1721; x_wconf 75' lang='lat' dir='ltr'><strong><em>bus,</em></strong></span> <span class='ocrx_word' id='word_1_67' title='bbox 386 1661 486 1726; x_wconf 85' lang='lat' dir='ltr'><strong><em>qaam</em></strong></span> <span class='ocrx_word' id='word_1_68' title='bbox 509 1660 619 1704; x_wconf 85' lang='lat' dir='ltr'><strong><em>omnes</em></strong></span> <span class='ocrx_word' id='word_1_69' title='bbox 642 1637 774 1703; x_wconf 83' lang='lat' dir='ltr'><strong><em>dicendi</em></strong></span> <span class='ocrx_word' id='word_1_70' title='bbox 800 1644 1002 1728; x_wconf 78' lang='lat' dir='ltr'><strong><em>magistros,</em></strong></span> <span class='ocrx_word' id='word_1_71' title='bbox 1037 1643 1208 1728; x_wconf 77' lang='lat' dir='ltr'><strong><em>scripsisse</em></strong></span> 
     </span>
    </p>
   </div>
   <div class='ocr_carea' id='block_1_3' title="bbox 273 1749 1207 1848">
    <p class='ocr_par' dir='ltr' id='par_1_3' title="bbox 273 1749 1207 1848">
     <span class='ocr_line' id='line_1_13' title="bbox 273 1749 1207 1848; baseline 0.002 -31"><span class='ocrx_word' id='word_1_72' title='bbox 273 1754 483 1848; x_wconf 73' lang='lat' dir='ltr'><strong><em>ostenderent</em></strong></span> <span class='ocrx_word' id='word_1_73' title='bbox 510 1749 583 1838; x_wconf 79' lang='lat'>(5),</span> <span class='ocrx_word' id='word_1_74' title='bbox 617 1753 859 1819; x_wconf 83' lang='lat' dir='ltr'><strong><em>Aristoteles</em></strong></span> <span class='ocrx_word' id='word_1_75' title='bbox 891 1759 1024 1820; x_wconf 80' lang='lat' dir='ltr'><strong><em>ornavit</em></strong></span> <span class='ocrx_word' id='word_1_76' title='bbox 1057 1765 1088 1819; x_wconf 83' lang='lat' dir='ltr'><strong><em>et</em></strong></span> <span class='ocrx_word' id='word_1_77' title='bbox 1120 1755 1207 1819; x_wconf 82' lang='lat' dir='ltr'><strong><em>illa-</em></strong></span> 
     </span>
    </p>
   </div>
   <div class='ocr_carea' id='block_1_4' title="bbox 271 1873 1207 2878">
    <p class='ocr_par' dir='ltr' id='par_1_4' title="bbox 271 1873 1207 2878">
     <span class='ocr_line' id='line_1_14' title="bbox 272 1873 1206 1959; baseline -0.003 -23"><span class='ocrx_word' id='word_1_78' title='bbox 272 1876 394 1937; x_wconf 83' lang='lat' dir='ltr'><strong><em>stravit</em></strong></span> <span class='ocrx_word' id='word_1_79' title='bbox 429 1873 612 1938; x_wconf 79' lang='lat' dir='ltr'><strong><em>doctrinam</em></strong></span> <span class='ocrx_word' id='word_1_80' title='bbox 646 1874 742 1937; x_wconf 83' lang='lat' dir='ltr'><strong><em>illam</em></strong></span> <span class='ocrx_word' id='word_1_81' title='bbox 765 1895 906 1946; x_wconf 80' lang='lat' dir='ltr'><strong><em>omnem,</em></strong></span> <span class='ocrx_word' id='word_1_82' title='bbox 943 1894 1118 1959; x_wconf 75' lang='lat' dir='ltr'><strong><em>rerumque</em></strong></span> <span class='ocrx_word' id='word_1_83' title='bbox 1148 1892 1206 1934; x_wconf 92' lang='lat' dir='ltr'><strong><em>co·</em></strong></span> 
     </span>
     <span class='ocr_line' id='line_1_15' title="bbox 271 1987 1207 2076; baseline -0.002 -24"><span class='ocrx_word' id='word_1_84' title='bbox 271 1992 455 2076; x_wconf 79' lang='lat' dir='ltr'><strong><em>gnitionem</em></strong></span> <span class='ocrx_word' id='word_1_85' title='bbox 489 2011 562 2052; x_wconf 76' lang='lat' dir='ltr'><strong><em>ciem</em></strong></span> <span class='ocrx_word' id='word_1_86' title='bbox 598 1992 760 2053; x_wconf 81' lang='lat' dir='ltr'><strong><em>orationis</em></strong></span> <span class='ocrx_word' id='word_1_87' title='bbox 795 1993 1030 2054; x_wconf 80' lang='lat' dir='ltr'><strong><em>exercitatione</em></strong></span> <span class='ocrx_word' id='word_1_88' title='bbox 1063 1987 1207 2073; x_wconf 81' lang='lat' dir='ltr'><strong><em>conjon-</em></strong></span> 
     </span>
     <span class='ocr_line' id='line_1_16' title="bbox 275 2091 1205 2192; baseline 0.006 -30"><span class='ocrx_word' id='word_1_89' title='bbox 275 2104 328 2164; x_wconf 85' lang='lat' dir='ltr'><strong><em>xit</em></strong></span> <span class='ocrx_word' id='word_1_90' title='bbox 347 2096 419 2185; x_wconf 81' lang='lat'>(6),</span> <span class='ocrx_word' id='word_1_91' title='bbox 438 2099 572 2186; x_wconf 78' lang='lat' dir='ltr'><strong><em>flamen</em></strong></span> <span class='ocrx_word' id='word_1_92' title='bbox 608 2105 769 2166; x_wconf 82' lang='lat' dir='ltr'><strong><em>orationis</em></strong></span> <span class='ocrx_word' id='word_1_93' title='bbox 798 2091 937 2167; x_wconf 78' lang='lat' dir='ltr'><strong><em>auream</em></strong></span> <span class='ocrx_word' id='word_1_94' title='bbox 956 2101 1113 2188; x_wconf 81' lang='lat' dir='ltr'><strong><em>fundens</em></strong></span> <span class='ocrx_word' id='word_1_95' title='bbox 1136 2101 1148 2187; x_wconf 93' lang='lat'>(</span> <span class='ocrx_word' id='word_1_96' title='bbox 1171 2106 1205 2192; x_wconf 84' lang='lat'><strong><em>),</em></strong></span> 
     </span>
     <span class='ocr_line' id='line_1_17' title="bbox 276 2213 1206 2300; baseline 0.003 -23"><span class='ocrx_word' id='word_1_97' title='bbox 276 2213 489 2278; x_wconf 89' lang='lat' dir='ltr'><strong><em>Isocratem</em></strong></span> <span class='ocrx_word' id='word_1_98' title='bbox 522 2216 628 2300; x_wconf 80' lang='lat' dir='ltr'><strong><em>ipsam</em></strong></span> <span class='ocrx_word' id='word_1_99' title='bbox 663 2216 828 2279; x_wconf 82' lang='lat' dir='ltr'><strong><em>lacessivit</em></strong></span> <span class='ocrx_word' id='word_1_100' title='bbox 848 2213 921 2300; x_wconf 84' lang='lat'><strong>(8),</strong></span> <span class='ocrx_word' id='word_1_101' title='bbox 962 2214 1206 2281; x_wconf 85' lang='lat' dir='ltr'><strong><em>Aristotelia</em></strong></span> 
     </span>
     <span class='ocr_line' id='line_1_18' title="bbox 271 2326 1206 2418; baseline 0.001 -27"><span class='ocrx_word' id='word_1_102' title='bbox 271 2332 449 2418; x_wconf 81' lang='lat' dir='ltr'><strong><em>pigmenta</em></strong></span> <span class='ocrx_word' id='word_1_103' title='bbox 482 2326 552 2413; x_wconf 81' lang='lat'>(9),</span> <span class='ocrx_word' id='word_1_104' title='bbox 597 2338 675 2416; x_wconf 75' lang='lat' dir='ltr'><strong><em>post</em></strong></span> <span class='ocrx_word' id='word_1_105' title='bbox 721 2327 932 2395; x_wconf 86' lang='lat' dir='ltr'><strong><em>Platonem</em></strong></span> <span class='ocrx_word' id='word_1_106' title='bbox 969 2328 1206 2394; x_wconf 84' lang='lat' dir='ltr'><strong><em>Aristoteles</em></strong></span> 
     </span>
     <span class='ocr_line' id='line_1_19' title="bbox 277 2443 1205 2534; baseline 0.002 -26"><span class='ocrx_word' id='word_1_107' title='bbox 277 2445 464 2509; x_wconf 80' lang='lat' dir='ltr'><strong><em>illustravit</em></strong></span> <span class='ocrx_word' id='word_1_108' title='bbox 470 2466 594 2510; x_wconf 82' lang='lat' dir='ltr'><strong><em>omnem</em></strong></span> <span class='ocrx_word' id='word_1_109' title='bbox 604 2446 732 2510; x_wconf 84' lang='lat' dir='ltr'><strong><em>civilem</em></strong></span> <span class='ocrx_word' id='word_1_110' title='bbox 746 2450 782 2509; x_wconf 82' lang='lat' dir='ltr'><strong><em>in</em></strong></span> <span class='ocrx_word' id='word_1_111' title='bbox 794 2444 995 2534; x_wconf 61' lang='lat' dir='ltr'><strong><em>dimittendo</em></strong></span> <span class='ocrx_word' id='word_1_112' title='bbox 1006 2446 1110 2508; x_wconf 80' lang='lat' dir='ltr'><strong><em>lormm</em></strong></span> <span class='ocrx_word' id='word_1_113' title='bbox 1122 2443 1205 2529; x_wconf 81' lang='lat'>(10),</span> 
     </span>
     <span class='ocr_line' id='line_1_20' title="bbox 278 2556 1205 2651; baseline -0.003 -25"><span class='ocrx_word' id='word_1_114' title='bbox 278 2558 326 2626; x_wconf 83' lang='lat' dir='ltr'><strong><em>vel</em></strong></span> <span class='ocrx_word' id='word_1_115' title='bbox 348 2561 415 2646; x_wconf 87' lang='lat' dir='ltr'><strong><em>ejus</em></strong></span> <span class='ocrx_word' id='word_1_116' title='bbox 437 2560 501 2625; x_wconf 84' lang='lat' dir='ltr'><strong><em>vim</em></strong></span> <span class='ocrx_word' id='word_1_117' title='bbox 525 2557 751 2651; x_wconf 80' lang='lat' dir='ltr'><strong><em>philosopham</em></strong></span> <span class='ocrx_word' id='word_1_118' title='bbox 769 2559 952 2648; x_wconf 83' lang='lat' dir='ltr'><strong><em>ingeniique</em></strong></span> <span class='ocrx_word' id='word_1_119' title='bbox 970 2556 1080 2626; x_wconf 84' lang='lat' dir='ltr'><strong><em>dotes:</em></strong></span> <span class='ocrx_word' id='word_1_120' title='bbox 1106 2560 1205 2625; x_wconf 83' lang='lat' dir='ltr'><strong><em>Ari-</em></strong></span> 
     </span>
     <span class='ocr_line' id='line_1_21' title="bbox 277 2674 1206 2764; baseline 0.003 -24"><span class='ocrx_word' id='word_1_121' title='bbox 277 2692 356 2741; x_wconf 89' lang='lat' dir='ltr'><strong><em>stot</em></strong></span> <span class='ocrx_word' id='word_1_122' title='bbox 366 2675 447 2740; x_wconf 89' lang='lat' dir='ltr'><strong><em>eles</em></strong></span> <span class='ocrx_word' id='word_1_123' title='bbox 458 2675 651 2742; x_wconf 83' lang='lat' dir='ltr'><strong><em>admirabili</em></strong></span> <span class='ocrx_word' id='word_1_124' title='bbox 656 2674 802 2763; x_wconf 78' lang='lat' dir='ltr'><strong><em>quodam</em></strong></span> <span class='ocrx_word' id='word_1_125' title='bbox 812 2679 961 2756; x_wconf 81' lang='lat' dir='ltr'><strong><em>scientio,</em></strong></span> <span class='ocrx_word' id='word_1_126' title='bbox 975 2685 1007 2740; x_wconf 84' lang='lat' dir='ltr'><strong><em>el</em></strong></span> <span class='ocrx_word' id='word_1_127' title='bbox 1016 2680 1110 2764; x_wconf 82' lang='lat' dir='ltr'><strong><em>capio</em></strong></span> <span class='ocrx_word' id='word_1_128' title='bbox 1124 2674 1155 2761; x_wconf 90' lang='lat' dir='ltr'><strong><em>(l</em></strong></span> <span class='ocrx_word' id='word_1_129' title='bbox 1165 2677 1206 2763; x_wconf 83' lang='lat' dir='ltr'><strong><em>l),</em></strong></span> 
     </span>
     <span class='ocr_line' id='line_1_22' title="bbox 279 2789 1207 2878; baseline 0.003 -26"><span class='ocrx_word' id='word_1_130' title='bbox 279 2795 390 2855; x_wconf 81' lang='lat' dir='ltr'><strong><em>omitto</em></strong></span> <span class='ocrx_word' id='word_1_131' title='bbox 403 2814 472 2878; x_wconf 81' lang='lat' dir='ltr'><strong><em>per</em></strong></span> <span class='ocrx_word' id='word_1_132' title='bbox 494 2795 601 2878; x_wconf 62' lang='lat' dir='ltr'><strong><em>ipsam</em></strong></span> <span class='ocrx_word' id='word_1_133' title='bbox 623 2789 907 2874; x_wconf 79' lang='lat' dir='ltr'><strong><em>Aristotelem,</em></strong></span> <span class='ocrx_word' id='word_1_134' title='bbox 930 2813 999 2854; x_wconf 88' lang='lat' dir='ltr'><strong><em>meo</em></strong></span> <span class='ocrx_word' id='word_1_135' title='bbox 1015 2791 1148 2872; x_wconf 82' lang='lat' dir='ltr'><strong><em>jndicio</em></strong></span> <span class='ocrx_word' id='word_1_136' title='bbox 1171 2795 1207 2855; x_wconf 83' lang='lat' dir='ltr'><strong><em>ia</em></strong></span> 
     </span>
    </p>
   </div>
   <div class='ocr_carea' id='block_1_5' title="bbox 275 3127 1213 3760">
    <p class='ocr_par' dir='ltr' id='par_1_5' title="bbox 275 3127 1213 3760">
     <span class='ocr_line' id='line_1_23' title="bbox 321 3127 1205 3209; baseline 0.011 -26"><span class='ocrx_word' id='word_1_137' title='bbox 321 3129 360 3201; x_wconf 83' lang='lat' dir='ltr'><strong><em>(l)</em></strong></span> <span class='ocrx_word' id='word_1_138' title='bbox 383 3127 606 3205; x_wconf 66' lang='lat' dir='ltr'><strong><em>Top.c.2.Cl.</em></strong></span> <span class='ocrx_word' id='word_1_139' title='bbox 625 3129 699 3189; x_wconf 80' lang='lat' dir='ltr'><strong><em>Orat.</em></strong></span> <span class='ocrx_word' id='word_1_140' title='bbox 721 3150 747 3190; x_wconf 86' lang='lat' dir='ltr'><strong><em>c.</em></strong></span> <span class='ocrx_word' id='word_1_141' title='bbox 772 3132 822 3190; x_wconf 69' lang='lat'><strong><em>32.</em></strong></span> <span class='ocrx_word' id='word_1_142' title='bbox 842 3133 881 3209; x_wconf 77' lang='lat'><strong><em>(⁶2)</em></strong></span> <span class='ocrx_word' id='word_1_143' title='bbox 904 3132 986 3192; x_wconf 82' lang='lat' dir='ltr'><strong><em>Tusc.</em></strong></span> <span class='ocrx_word' id='word_1_144' title='bbox 1017 3133 1059 3200; x_wconf 89' lang='lat' dir='ltr'><strong><em>ll,</em></strong></span> <span class='ocrx_word' id='word_1_145' title='bbox 1091 3135 1121 3193; x_wconf 78' lang='lat'><strong><em>5.</em></strong></span> <span class='ocrx_word' id='word_1_146' title='bbox 1160 3135 1205 3194; x_wconf 80' lang='lat' dir='ltr'><strong><em>cf.</em></strong></span> 
     </span>
     <span class='ocr_line' id='line_1_24' title="bbox 280 3237 1207 3324; baseline 0.013 -30"><span class='ocrx_word' id='word_1_147' title='bbox 280 3237 392 3297; x_wconf 73' lang='lat' dir='ltr'><strong><em>(lelio.</em></strong></span> <span class='ocrx_word' id='word_1_148' title='bbox 422 3238 465 3314; x_wconf 89' lang='lat' dir='ltr'><strong><em>V,</em></strong></span> <span class='ocrx_word' id='word_1_149' title='bbox 503 3241 534 3298; x_wconf 77' lang='lat' dir='ltr'><strong><em>l.</em></strong></span> <span class='ocrx_word' id='word_1_150' title='bbox 579 3242 618 3318; x_wconf 77' lang='grc' dir='ltr'><strong><em>(ὅ)</em></strong></span> <span class='ocrx_word' id='word_1_151' title='bbox 643 3241 751 3302; x_wconf 86' lang='lat' dir='ltr'><strong><em>Orcll.</em></strong></span> <span class='ocrx_word' id='word_1_152' title='bbox 774 3243 848 3302; x_wconf 83' lang='lat' dir='ltr'><strong><em>Edit.</em></strong></span> <span class='ocrx_word' id='word_1_153' title='bbox 870 3243 980 3322; x_wconf 79' lang='lat' dir='ltr'><strong><em>Fragm.</em></strong></span> <span class='ocrx_word' id='word_1_154' title='bbox 1002 3264 1033 3322; x_wconf 90' lang='lat' dir='ltr'><strong><em>p.</em></strong></span> <span class='ocrx_word' id='word_1_155' title='bbox 1048 3244 1120 3306; x_wconf 82' lang='lat' dir='ltr'><strong><em>tto.</em></strong></span> <span class='ocrx_word' id='word_1_156' title='bbox 1167 3250 1207 3324; x_wconf 79' lang='lat' dir='ltr'><strong><em>(l)</em></strong></span> 
     </span>
     <span class='ocr_line' id='line_1_25' title="bbox 280 3345 1207 3432; baseline 0.012 -28"><span class='ocrx_word' id='word_1_157' title='bbox 280 3349 315 3405; x_wconf 81' lang='lat' dir='ltr'><strong><em>de</em></strong></span> <span class='ocrx_word' id='word_1_158' title='bbox 337 3345 412 3406; x_wconf 62' lang='lat' dir='ltr'><strong><em>(iat.</em></strong></span> <span class='ocrx_word' id='word_1_159' title='bbox 437 3349 476 3413; x_wconf 87' lang='lat' dir='ltr'><strong><em>lt.</em></strong></span> <span class='ocrx_word' id='word_1_160' title='bbox 502 3350 549 3409; x_wconf 76' lang='lat'><strong><em>10.</em></strong></span> <span class='ocrx_word' id='word_1_161' title='bbox 597 3353 637 3425; x_wconf 78' lang='grc' dir='ltr'><strong><em>(ὅ)</em></strong></span> <span class='ocrx_word' id='word_1_162' title='bbox 662 3354 697 3411; x_wconf 84' lang='lat' dir='ltr'><strong><em>de</em></strong></span> <span class='ocrx_word' id='word_1_163' title='bbox 719 3351 799 3413; x_wconf 81' lang='lat' dir='ltr'><strong><em>Orat.</em></strong></span> <span class='ocrx_word' id='word_1_164' title='bbox 822 3353 852 3417; x_wconf 90' lang='lat' dir='ltr'><strong><em>l,</em></strong></span> <span class='ocrx_word' id='word_1_165' title='bbox 878 3353 926 3413; x_wconf 77' lang='lat' dir='ltr'><strong><em>to,</em></strong></span> <span class='ocrx_word' id='word_1_166' title='bbox 951 3354 991 3430; x_wconf 88' lang='grc'><strong><em>(6)</em></strong></span> <span class='ocrx_word' id='word_1_167' title='bbox 1014 3353 1140 3414; x_wconf 81' lang='lat' dir='ltr'><strong><em>deOrtt.</em></strong></span> <span class='ocrx_word' id='word_1_168' title='bbox 1157 3357 1207 3432; x_wconf 85' lang='lat' dir='ltr'><strong><em>lll,</em></strong></span> 
     </span>
     <span class='ocr_line' id='line_1_26' title="bbox 279 3458 1213 3545; baseline 0.013 -28"><span class='ocrx_word' id='word_1_169' title='bbox 279 3459 329 3519; x_wconf 72' lang='lat'><strong><em>53.</em></strong></span> <span class='ocrx_word' id='word_1_170' title='bbox 343 3458 388 3519; x_wconf 83' lang='lat' dir='ltr'><strong><em>ct.</em></strong></span> <span class='ocrx_word' id='word_1_171' title='bbox 404 3460 460 3537; x_wconf 76' lang='grc' dir='ltr'><strong><em>Η,</em></strong></span> <span class='ocrx_word' id='word_1_172' title='bbox 480 3462 529 3537; x_wconf 86' lang='lat' dir='ltr'><strong><em>ll,</em></strong></span> <span class='ocrx_word' id='word_1_173' title='bbox 541 3461 617 3522; x_wconf 80' lang='lat' dir='ltr'><strong><em>Orat.</em></strong></span> <span class='ocrx_word' id='word_1_174' title='bbox 631 3482 657 3522; x_wconf 87' lang='lat' dir='ltr'><strong><em>c.</em></strong></span> <span class='ocrx_word' id='word_1_175' title='bbox 678 3466 727 3541; x_wconf 84' lang='lat' dir='ltr'><strong><em>tt,</em></strong></span> <span class='ocrx_word' id='word_1_176' title='bbox 751 3465 855 3524; x_wconf 71' lang='lat' dir='ltr'><strong><em>del&#39;in.</em></strong></span> <span class='ocrx_word' id='word_1_177' title='bbox 869 3465 917 3541; x_wconf 86' lang='lat' dir='ltr'><strong><em>lV,</em></strong></span> <span class='ocrx_word' id='word_1_178' title='bbox 937 3465 967 3541; x_wconf 60' lang='grc' dir='ltr'><strong><em>ἓ,</em></strong></span> <span class='ocrx_word' id='word_1_179' title='bbox 991 3465 1075 3526; x_wconf 81' lang='lat' dir='ltr'><strong><em>Tusc.</em></strong></span> <span class='ocrx_word' id='word_1_180' title='bbox 1091 3467 1141 3545; x_wconf 88' lang='lat' dir='ltr'><strong><em>lll,</em></strong></span> <span class='ocrx_word' id='word_1_181' title='bbox 1161 3469 1213 3529; x_wconf 83' lang='lat' dir='ltr'><strong><em>tt.</em></strong></span> 
     </span>
     <span class='ocr_line' id='line_1_27' title="bbox 278 3567 1211 3652; baseline 0.013 -27"><span class='ocrx_word' id='word_1_182' title='bbox 278 3569 317 3643; x_wconf 85' lang='grc'><strong><em>(7)</em></strong></span> <span class='ocrx_word' id='word_1_183' title='bbox 340 3567 429 3627; x_wconf 77' lang='lat' dir='ltr'><strong><em>Aeol.</em></strong></span> <span class='ocrx_word' id='word_1_184' title='bbox 447 3568 483 3644; x_wconf 87' lang='lat'><strong><em>11,</em></strong></span> <span class='ocrx_word' id='word_1_185' title='bbox 496 3567 548 3628; x_wconf 73' lang='lat'><strong><em>58.</em></strong></span> <span class='ocrx_word' id='word_1_186' title='bbox 571 3568 617 3628; x_wconf 83' lang='lat' dir='ltr'><strong><em>Cf.</em></strong></span> <span class='ocrx_word' id='word_1_187' title='bbox 641 3569 744 3630; x_wconf 86' lang='lat' dir='ltr'><strong><em>Plut.</em></strong></span> <span class='ocrx_word' id='word_1_188' title='bbox 767 3572 822 3631; x_wconf 82' lang='lat' dir='ltr'><strong><em>vito</em></strong></span> <span class='ocrx_word' id='word_1_189' title='bbox 844 3570 920 3632; x_wconf 87' lang='lat' dir='ltr'><strong><em>Cic.</em></strong></span> <span class='ocrx_word' id='word_1_190' title='bbox 944 3590 970 3632; x_wconf 86' lang='lat' dir='ltr'><strong><em>c.</em></strong></span> <span class='ocrx_word' id='word_1_191' title='bbox 996 3573 1049 3635; x_wconf 71' lang='lat' dir='ltr'><strong><em>et.</em></strong></span> <span class='ocrx_word' id='word_1_192' title='bbox 1073 3574 1113 3652; x_wconf 73' lang='lat'><strong><em>(8)</em></strong></span> <span class='ocrx_word' id='word_1_193' title='bbox 1132 3574 1211 3638; x_wconf 78' lang='lat' dir='ltr'><strong><em>Oret.</em></strong></span> 
     </span>
     <span class='ocr_line' id='line_1_28' title="bbox 275 3676 1211 3760; baseline 0.011 -26"><span class='ocrx_word' id='word_1_194' title='bbox 275 3676 371 3734; x_wconf 63' lang='lat' dir='ltr'><strong><em>eto.</em></strong></span> <span class='ocrx_word' id='word_1_195' title='bbox 417 3678 456 3754; x_wconf 83' lang='grc'><strong><em>(9)</em></strong></span> <span class='ocrx_word' id='word_1_196' title='bbox 479 3677 615 3736; x_wconf 75' lang='grc' dir='ltr'><strong>ΑᾶΑῑῑ.</strong></span> <span class='ocrx_word' id='word_1_197' title='bbox 639 3678 682 3753; x_wconf 92' lang='lat' dir='ltr'><strong><em>ll,</em></strong></span> <span class='ocrx_word' id='word_1_198' title='bbox 706 3678 759 3756; x_wconf 88' lang='lat' dir='ltr'><strong><em>Ep.</em></strong></span> <span class='ocrx_word' id='word_1_199' title='bbox 785 3682 812 3739; x_wconf 88' lang='lat' dir='ltr'><strong><em>l.</em></strong></span> <span class='ocrx_word' id='word_1_200' title='bbox 835 3679 888 3739; x_wconf 82' lang='lat' dir='ltr'><strong><em>cff.</em></strong></span> <span class='ocrx_word' id='word_1_201' title='bbox 907 3681 943 3740; x_wconf 90' lang='lat' dir='ltr'><strong><em>de</em></strong></span> <span class='ocrx_word' id='word_1_202' title='bbox 961 3681 1024 3742; x_wconf 84' lang='lat' dir='ltr'><strong><em>Div.</em></strong></span> <span class='ocrx_word' id='word_1_203' title='bbox 1042 3682 1086 3749; x_wconf 92' lang='lat' dir='ltr'><strong><em>ll,</em></strong></span> <span class='ocrx_word' id='word_1_204' title='bbox 1115 3686 1152 3760; x_wconf 88' lang='lat' dir='ltr'><strong><em>l,</em></strong></span> <span class='ocrx_word' id='word_1_205' title='bbox 1176 3685 1211 3744; x_wconf 91' lang='lat' dir='ltr'><strong><em>de</em></strong></span> 
     </span>
    </p>
   </div>
   <div class='ocr_carea' id='block_1_6' title="bbox 276 3783 1211 3954">
    <p class='ocr_par' dir='ltr' id='par_1_6' title="bbox 276 3783 1211 3954">
     <span class='ocr_line' id='line_1_29' title="bbox 278 3783 1211 3871; baseline 0.011 -29"><span class='ocrx_word' id='word_1_206' title='bbox 278 3783 357 3843; x_wconf 84' lang='lat' dir='ltr'><strong><em>Orat.</em></strong></span> <span class='ocrx_word' id='word_1_207' title='bbox 384 3786 432 3860; x_wconf 86' lang='lat' dir='ltr'><strong><em>lll,</em></strong></span> <span class='ocrx_word' id='word_1_208' title='bbox 456 3785 508 3863; x_wconf 76' lang='lat' dir='ltr'><strong><em>tt,</em></strong></span> <span class='ocrx_word' id='word_1_209' title='bbox 532 3787 567 3845; x_wconf 89' lang='lat' dir='ltr'><strong><em>de</em></strong></span> <span class='ocrx_word' id='word_1_210' title='bbox 590 3787 651 3846; x_wconf 85' lang='lat' dir='ltr'><strong><em>Fin.</em></strong></span> <span class='ocrx_word' id='word_1_211' title='bbox 670 3788 696 3858; x_wconf 89' lang='lat'><strong><em>1,</em></strong></span> <span class='ocrx_word' id='word_1_212' title='bbox 714 3789 742 3847; x_wconf 87' lang='grc'><strong><em>5.</em></strong></span> <span class='ocrx_word' id='word_1_213' title='bbox 775 3789 835 3866; x_wconf 72' lang='lat'><strong>(10)</strong></span> <span class='ocrx_word' id='word_1_214' title='bbox 864 3791 899 3852; x_wconf 89' lang='lat' dir='ltr'><strong><em>de</em></strong></span> <span class='ocrx_word' id='word_1_215' title='bbox 914 3791 998 3871; x_wconf 75' lang='lat' dir='ltr'><strong><em>legg.</em></strong></span> <span class='ocrx_word' id='word_1_216' title='bbox 1014 3793 1072 3860; x_wconf 90' lang='lat' dir='ltr'><strong><em>lll,</em></strong></span> <span class='ocrx_word' id='word_1_217' title='bbox 1088 3793 1119 3853; x_wconf 72' lang='grc'><strong><em>6.</em></strong></span> <span class='ocrx_word' id='word_1_218' title='bbox 1151 3795 1211 3870; x_wconf 82' lang='lat' dir='ltr'><strong><em>(ll)</em></strong></span> 
     </span>
     <span class='ocr_line' id='line_1_30' title="bbox 276 3893 459 3954; baseline -0.011 -1"><span class='ocrx_word' id='word_1_219' title='bbox 276 3893 354 3954; x_wconf 81' lang='lat' dir='ltr'><strong><em>Orat.</em></strong></span> <span class='ocrx_word' id='word_1_220' title='bbox 379 3915 405 3954; x_wconf 90' lang='lat' dir='ltr'><strong><em>e.</em></strong></span> <span class='ocrx_word' id='word_1_221' title='bbox 433 3898 459 3952; x_wconf 88' lang='lat' dir='ltr'><strong><em>l.</em></strong></span> 
     </span>
    </p>
   </div>
   <div class='ocr_carea' id='block_1_7' title="bbox 0 0 1306 4620">
    <p class='ocr_par' dir='ltr' id='par_1_7' title="bbox 0 0 1306 4620">
     <span class='ocr_line' id='line_1_31' title="bbox 0 0 1306 4620; baseline 0 0"><span class='ocrx_word' id='word_1_222' title='bbox 0 0 1306 4620; x_wconf 95' lang='lat' dir='ltr'><strong><em> </em></strong></span> 
     </span>
    </p>
   </div>
  </div>
 </body>
</html>
