2602 4620
632 278 675 343 ts

182 446 344 540 sedecula,
362 475 460 550 quam
484 447 658 525 habes'sub
681 461 814 547 imagine
833 433 1115 549 Aristotelis,

182 571 312 657 sedere,
350 596 446 663 quam
480 574 515 637 in
549 575 681 640 istorum
701 573 772 641 sella
795 577 916 662 curuli3
946 588 1119 669 tecumque·

184 685 270 778 apud
305 704 338 754 te
356 686 538 770 ambulare,
562 713 660 778 quam
674 692 757 756 'cum
778 713 834 774 eo,
858 693 998 782 quocum
1026 693 1120 760 video

181 825 247 869 esse
277 801 541 871 ambulandum.”
598 806 714 893 Neque
746 805 801 873 hic
823 804 857 872 in
894 807 1119 877 Ciceronis

155 947 162 961 =
185 915 427 1008 Epistolisloeus
449 918 748 1006 praetermittendus
762 917 835 1009 (l),
859 922 937 989 ubi:
962 924 1118 1005 „Nunc,’'

186 1031 309 1119 inquit,
333 1053 496 1116 „prorsus
530 1012 732 1110 hocstatui,
768 1047 827 1115 ut,
851 1034 1004 1122 quoniam
1033 1051 1121 1101 tanta

184 1133 392 1225 controversia
426 1160 494 1231 est,
528 1145 813 1228 Dicaearcho,
860 1145 1003 1215 familiari
1043 1166 1120 1236 tuo,

187 1280 260 1322 eum
287 1255 591 1345 Theophrasto,
626 1260 726 1325 amico
766 1282 855 1343 meo,
897 1276 934 1327 ut
967 1260 1019 1327 ille
1047 1279 1120 1329 tuus

185 1379 230 1444 τὸν
249 1378 404 1469 πρακτικὸν
436 1377 500 1465 βίον
529 1379 622 1466 longe
656 1368 803 1450 omnibus
837 1401 1029 1477 anteponat,
1064 1388 1121 1458 hic

182 1521 289 1572 autem
308 1505 356 1569 τὸν
371 1504 565 1594 θεωρητικὸν,
580 1507 709 1594 utrique
732 1530 749 1573 a
774 1526 824 1569 me
846 1525 914 1570 mos
934 1516 1037 1588 gestus
1056 1524 1121 1567 esse

184 1616 338 1684 videatur.
392 1621 475 1686 Puto
507 1621 594 1684 enim
628 1641 680 1683 me
709 1615 959 1685 Dicaearcho
999 1612 1120 1682 affatim

184 1731 378 1799 satisfecisse:
404 1734 539 1821 respicio
564 1755 653 1824 nunc
676 1729 717 1796 ad
739 1731 824 1798 hanc
846 1728 1017 1811 familiam,
1041 1753 1122 1820 quac

184 1846 263 1912 mihi
294 1869 361 1912 non
396 1844 508 1922 modo,
544 1860 580 1911 ut
603 1846 822 1935 requiescam,
855 1843 1031 1934 permittit,
1063 1842 1122 1910 sed

178 1959 410 2055 reprehendit,
440 1963 514 2051 qnia
552 1986 618 2027 non
647 1983 774 2053 semper
809 1960 954 2050 quierint.
1010 1960 1120 2050 Quare

181 2081 425 2161 incumbamus,
447 2103 467 2144 o
486 2093 591 2145 noster
615 2078 734 2160 Tite,
756 2075 797 2143 ad
814 2074 865 2144 illa
880 2076 1036 2168 praeclara
1046 2094 1121 2144 stu·-

183 2195 257 2279 dia,
289 2212 322 2261 et
352 2218 411 2277 ec,
446 2192 533 2260 unde
559 2191 725 2260 discedere
756 2216 822 2260 non
854 2193 1019 2282 oportuit,
1056 2192 1118 2260 aii-

184 2309 315 2401 quando
334 2311 559 2376 revertamur.”

226 2427 380 2518 Utrique,
404 2451 471 2514 quo
494 2442 634 2515 tempore
658 2425 806 2491 Cicero
828 2420 964 2490 Athenis
981 2441 1117 2491 versatus

182 2560 253 2627 cst,
290 2539 468 2607 studiorum
500 2537 672 2604 similitudo
695 2560 816 2604 summa
838 2536 1043 2602 familiaritate
1067 2541 1117 2606 M.

90 2662 93 2667 ’
183 2657 371 2749 Pupium
393 2654 574 2721 Pisonem
596 2651 926 2742 Calpurnianum
946 2649 1113 2739 adjunxit3

169 2776 273 2858 -eujus
295 2771 339 2837 rei
362 2770 440 2837 ratio
461 2793 500 2834 ex
522 2768 605 2836 libro
628 2765 802 2860 quintode
830 2767 961 2834 Finibus
980 2770 1115 2836 maxime

179 2887 363 2974 intelligitur
394 2881 454 2973 (2).
511 2886 556 2950 Ut
587 2886 802 2951 Romanorum
830 2886 991 2975 principes
1007 2889 1114 2973 jama

179 3003 348 3071 Catonis
369 3000 539 3088 Majoris
568 2997 644 3064 inde
674 3000 873 3088 temporibus
895 3001 1024 3069 Graecis
1049 2999 1113 3068 do-

163 3116 317 3188 ctoribus
351 3116 543 3215 utebantur,
579 3118 621 3181 ita
644 3114 741 3181 Piso
771 3137 902 3211 quoque
933 3116 1112 3184 Staseam

178 3234 443 3322 Peripateticum,
466 3233 500 3297 in
517 3233 585 3320 ejus
607 3253 720 3318 genere
742 3232 886 3298 omnium
910 3230 1114 3326 principem,

179 3350 268 3417 domi
278 3370 349 3414 suae
367 3346 480 3413 habuit
492 3344 553 3437 (3).
597 3347 681 3415 Hinc
701 3370 831 3437 quoque
855 3347 1011 3432 Cicero,
1029 3344 1113 3413 libro

185 3521 624 3541 Μ

219 3635 259 3711 (ι)
282 3633 324 3692 ιι.
354 3631 391 3708 ιι,
419 3628 472 3710 sp.
505 3629 553 3708 rs,
579 3632 623 3691 ot
655 3632 691 3708 tt,
708 3630 775 3728 ιιι.Ι
799 3629 819 3688 a
847 3640 875 3687 a
893 3629 929 3688 ιι
952 3630 1030 3690 ram,
1048 3629 1108 3710 vr,

102 3776 105 3782 ·
175 3745 229 3824 ap.
258 3744 309 3804 ao.
354 3741 394 3819 (e)
416 3741 452 3800 ae
475 3730 537 3799 ιιι.
563 3741 598 3816 v,
628 3742 656 3798 ι.
688 3737 734 3796 cr.
764 3737 805 3797 ιι.
832 3737 879 3814 ιι,
910 3738 961 3800 ιι.
992 3737 1026 3820 v,
1047 3729 1109 3822 ac,

175 3858 227 3935 26,
245 3855 296 3933 59,
308 3857 406 3917 Brut.
429 3873 456 3916 c.
475 3853 526 3914 90,
573 3853 612 3930 (5)
628 3852 669 3914 De
684 3847 760 3912 Orat.
774 3851 797 3928 t,
814 3850 865 3930 tt,
882 3852 990 3917 chin.
1003 3854 1038 3926 V,
1054 3856 1107 3915 25.

974 3971 995 4033 3
