2602 4620
609 359 672 425 184

181 551 397 638 thagorsos
436 540 571 612 maxime
599 556 740 618 secutus,
786 542 868 608 varia
903 540 1122 635 philosopho-

178 689 254 736 rum
275 662 390 756 placita
412 682 576 729 recensens
606 657 677 748 (l),
720 656 965 725 Aristotelis
987 674 1125 726 senten·

179 782 256 848 tiam
299 792 423 845 tuntum
456 775 579 863 attigit:
638 772 911 858 „Aristoteles
939 813 984 825 —
1019 799 1125 866 quum

180 909 332 987 quattuor
365 908 438 961 nota
460 890 511 960 illa
536 912 650 978 genera
674 889 909 982 principiorum
929 905 1008 958 esset
1027 915 1122 959 com·

177 1009 311 1103 plexus,
333 1008 490 1099 equibus
511 1007 615 1076 omnia
640 1005 817 1083 orirentur,
843 1007 991 1098 quintam
1008 1031 1121 1097 quan·

178 1123 255 1193 dam
273 1140 418 1192 naturam
441 1138 546 1192 censet
570 1145 655 1205 csse,
688 1146 796 1214 equa
813 1123 853 1193 sit
872 1145 973 1190 mens.
1018 1123 1122 1210 Cogi·

179 1257 246 1308 tare
281 1241 367 1308 enim
398 1254 430 1305 et
452 1215 638 1329 providere,
660 1254 693 1307 ct
717 1235 857 1321 discere,
875 1253 907 1305 et
927 1235 1062 1322 docere,
1089 1256 1123 1307 et

178 1355 320 1423 invenire
346 1352 491 1445 aliquid,
524 1370 556 1421 et
591 1370 654 1423 tam
685 1353 783 1421 multa
818 1352 897 1442 alia,
921 1352 1121 1430 meminisse.

127 1536 128 1540 ,
177 1492 301 1555 amare,
323 1465 441 1553 odisse,
462 1493 603 1562 cupere,
629 1469 761 1554 timere,
784 1469 993 1558 angi,laetari
1006 1499 1015 1537 z
1028 1469 1127 1555 haec,

178 1603 210 1656 et
230 1583 340 1654 similia
358 1608 490 1669 eorum,
515 1585 551 1652 in
571 1583 690 1653 horum
712 1599 861 1674 quattuor
870 1607 1022 1672 generum
1032 1583 1122 1656 nullo

178 1704 277 1770 insse
292 1715 395 1795 putat.
438 1698 600 1788 Quintum
619 1721 718 1787 genus
737 1695 888 1782 adhibet,
915 1721 1030 1766 vocans
1054 1722 1119 1770 no·

177 1829 289 1914 min03
326 1841 359 1893 ct
388 1827 433 1893 sic
466 1826 575 1918 ipsum
594 1825 754 1908 animum,
777 1823 955 1912 ἐντελέχειαν
979 1824 1121 1920 appellat

177 1967 262 2012 novo
285 1942 437 2025 nomine,
460 1943 549 2033 quasi
571 1938 732 2032 quandam
754 1941 968 2008 continuatam
996 1943 1117 2012 motio-

177 2080 272 2133 nem,
296 2073 330 2122 ct
348 2057 547 2144 perenncm'’
573 2057 647 2143 (2),
678 2073 710 2123 et
733 2054 792 2124 alio
812 2055 906 2139 locos
946 2056 1026 2141 „sin
1050 2083 1115 2126 au-

176 2188 244 2240 tem
277 2186 324 2237 cst
358 2171 470 2261 quinta
502 2168 658 2260 quaedam
687 2187 797 2239 natura
816 2173 857 2276 ab
879 2172 1116 2242 Aristotele

176 2283 309 2356 inducta
328 2287 481 2380 primums
504 2287 582 2358 haec
603 2305 635 2356 et
656 2287 788 2358 deorum
809 2307 866 2376 cst,
888 2293 1116 2362 etanimorum.

176 2407 270 2474 Hanc
303 2429 361 2474 nos
392 2406 579 2474 sententiam
608 2408 727 2492 secuti,
763 2405 811 2474 his
847 2408 924 2500 ipsis
953 2411 1056 2478 verbis
1080 2413 1117 2480 in

176 2521 388 2592 consolatione
418 2522 496 2591 haec
527 2523 756 2615 expressimus:
806 2522 996 2592 Animorum
1027 2525 1116 2595 nulla

176 2639 211 2705 in
245 2637 335 2705 terris
369 2638 462 2726 origo
480 2638 615 2708 inveniri
634 2654 748 2731 potest.
792 2636 881 2706 Nihil
901 2640 988 2706 enim
1008 2656 1056 2708 est
1079 2642 1115 2710 in

174 2752 287 2820 animis
320 2752 454 2821 mixtum
488 2768 585 2842 atque
620 2769 826 2838 concretum,
844 2784 847 2790 ·
863 2770 918 2819 aut
948 2752 1038 2844 qnod
1075 2777 1114 2823 ex

174 2882 257 2933 terra
276 2882 387 2935 natum
410 2865 593 2957 fictumque
609 2892 672 2935 esse
690 2867 855 2936 videatur:
891 2867 973 2936 nihil
993 2893 1034 2936 ne
1058 2887 1116 2936 aut

176 2980 348 3049 humidum
383 2980 538 3074 quidem,
569 2998 623 3050 aut
649 2983 776 3068 flabile,
800 2999 855 3050 aut
871 2984 1011 3070 igneum.
1057 2986 1116 3053 llis

178 3101 265 3167 enim
300 3101 335 3166 in
358 3101 477 3167 naturis
499 3099 580 3168 nihil
605 3100 707 3186 inest,
734 3097 822 3190 quod
844 3101 910 3166 vim
926 3103 1115 3189 memoriae,

174 3215 314 3298 mentis,
339 3216 531 3301 cogitationis
554 3215 693 3300 habeat,
714 3212 802 3304 qnod
822 3230 854 3281 et
876 3219 1040 3306 praeterita
1058 3235 1112 3286 te-

175 3344 272 3415 neat,
294 3345 327 3397 et
344 3328 452 3396 futura
470 3328 650 3422 provideat,
672 3346 705 3397 et
727 3329 1112 3424 complectipossitprae-

173 3448 291 3516 sentia:
328 3468 411 3539 qums
441 3444 503 3513 sola
522 3445 628 3513 divina
648 3463 742 3533 snnt3
768 3470 828 3516 nec
846 3448 1024 3516 invenietur
1042 3475 1111 3517 un·

214 3653 256 3728 (l)
278 3649 324 3712 (il.
360 3649 472 3728 Wytt.
504 3645 611 3725 Opusc.
645 3646 679 3714 ll,
720 3666 752 3725 p.
772 3647 834 3708 666
858 3664 950 3726 sqq.,
975 3648 1112 3728 imprinns

172 3777 255 3838 pagg.
293 3759 368 3832 tto,
399 3756 472 3845 stt.
516 3757 557 3833 (2)
578 3757 601 3832 l,
634 3757 684 3816 l0.
709 3755 792 3816 Vidd.
820 3757 1045 3818 Goerenzius
1079 3769 1112 3818 et

173 3863 262 3925 Otto
286 3868 322 3927 ad
343 3867 372 3925 h.
398 3867 439 3941 1.,
469 3865 570 3926 collato
598 3864 786 3946 Madvigio
819 3867 855 3926 ad
878 3866 928 3927 lib.
959 3866 1007 3933 tv,
1031 3884 1058 3924 c.
1076 3867 1112 3943 5,

171 3974 207 4055 dc
230 3970 306 4048 rin,
332 3990 362 4049 p.
387 3970 458 4030 sot.
572 4024 575 4031 .
