2602 4620
668 374 719 421 xlv

554 541 756 601 CAPUT
797 541 833 597 ll.

454 698 600 789 QGERONIS
622 696 924 759 nlnmctldtttuttto.
1011 728 1018 737 ,

265 817 430 880 Aristotelis
464 827 490 876 ct
527 812 670 876 Ciceronis
706 812 869 874 dialecticae
909 806 1097 892 'comparatio
1120 848 1162 864 -

226 902 320 963 Novae
355 900 515 960 dialecticae
547 898 667 975 artisque
705 896 900 956 vocabulorum
937 897 1165 959 Aristotcles

226 996 343 1052 auctor;
381 982 441 1061 ejus
470 981 520 1039 lrac
543 998 577 1038 ex
601 990 679 1056 parte
704 978 824 1037 imitator
851 977 990 1037 Cicero.
1018 977 1102 1038 Libri
1129 983 1162 1040 dc

225 1063 453 1124 inventiunc-
482 1060 668 1121 Ciceronis
699 1060 843 1120 consilium
870 1060 898 1117 ir
923 1059 956 1118 iis
982 1062 1164 1121 conscriben-

226 1145 280 1205 dis.
306 1143 453 1203 Antonii
475 1141 560 1201 libelli
580 1155 608 1200 et
632 1141 876 1219 Hermagorae
901 1138 1077 1218 disciplinae.
1100 1162 1163 1202 ma-

227 1227 298 1286 xime
327 1243 394 1285 rero
423 1221 669 1282 Aristoteline
691 1223 832 1282 doctrinae
846 1221 972 1299 vestigia.
996 1221 1172 1301 Topica-t

180 1330 187 1345 ·
227 1306 455 1366 Aristotelis
487 1304 600 1382 operis,
630 1304 705 1380 quod
729 1305 883 1363 etiamnunc
912 1316 1024 1380 exstat,
1052 1319 1081 1364 et
1104 1306 1163 1364 Ci-

226 1389 373 1449 ceronis
399 1386 558 1447 discrimen.
601 1384 689 1464 llujus
713 1384 881 1463 Topicorum
904 1385 982 1463 origo
1004 1396 1086 1464 atque
1113 1407 1162 1446 ra-

227 1472 278 1531 tio.
316 1468 493 1529 Boitlrins
534 1467 561 1525 in
597 1467 649 1526 lrac
690 1467 896 1544 comparatione
913 1466 1077 1527 instituenda
1102 1469 1163 1528 litus

225 1552 403 1632 praecipuus.
439 1548 613 1610 Dialecticoc
639 1549 717 1609 cotio
736 1550 768 1606 ic
792 1550 890 1608 ceteris
919 1546 1064 1609 Ciceronis
1086 1553 1163 1610 ccci-

222 1636 295 1715 ptt't.
310 1664 352 1680 -
373 1631 519 1693 Antonii
541 1643 634 1709 partes
658 1631 684 1689 in
706 1630 783 1690 libris
807 1631 842 1689 de
861 1629 995 1690 Oratore.
1038 1631 1110 1701 Quid
1125 1633 1161 1690 de

225 1717 417 1794 quaestionum
456 1713 603 1794 generibus
630 1711 779 1792 judicarint
806 1711 1025 1772 Aristotcles
1049 1726 1080 1772 ct
1102 1712 1162 1772 Cis

228 1799 336 1859 coro?
378 1798 468 1862 Locus
488 1796 524 1857 de
546 1795 618 1874 jocis
646 1809 674 1854 et
701 1793 1002 1871 smeds............p.
1024 1794 1156 1853 ott-to.

604 1957 762 1984 “¹0¹'-

548 2065 748 2124 caro-t
784 2067 831 2123 lll.

569 2216 667 2262 CICERO
701 2222 819 2263 ORATOR·

270 2373 311 2433 lle
334 2365 520 2451 Eloquentiae
540 2390 605 2433 cum
632 2372 792 2434 Dialecticc
816 2378 989 2454 repectione.
1019 2410 1060 2425 —
1080 2380 1162 2439 Ari-

223 2457 380 2517 stotelis
418 2455 552 2516 sententia
589 2456 762 2515 summatim‘
782 2459 937 2534 exponitur.
982 2459 1051 2518 Eum
1075 2479 1158 2521 secu-

226 2553 271 2599 tus
295 2537 431 2617 Cicero
456 2536 640 2615 eloquentiam
669 2557 731 2596 cum
753 2537 896 2599 dialectica
918 2540 1070 2600 arctissimo
1096 2543 1159 2601 vin—

219 2621 289 2680 culo
317 2619 467 2696 coniunxit.
490 2617 533 2678 Bo
558 2616 741 2696 Eloquentia,
770 2618 967 2681 doctrinarum
978 2624 1102 2684 uinculo.
1118 2653 1159 2671 —

225 2700 416 2762 Doctrinarum
455 2701 621 2760 instaurator
655 2701 898 2762 Aristoteles.
964 2702 1159 2768 Ciceronis

223 2783 290 2842 libri
315 2783 351 2842 de
375 2781 504 2840 Oratore.
536 2780 618 2845 Ratio
644 2800 697 2859 qua
738 2795 853 2861 uterque
888 2783 969 2843 altius
1000 2784 1159 2848 Platone

219 2867 337 2925 declaro
367 2862 515 2921 studuerit.
578 2861 758 2939 Eloquentiae
793 2864 925 2940 indoles,
957 2865 999 2925 ris
1025 2865 1157 2928 mudum-

220 2960 280 3024 (με
311 2942 472 3021 masconia.
515 2941 643 3003 Crassi
673 2945 810 3005 sententia
830 2945 866 3006 de
888 2944 1075 3007 doctrinarum
1091 2948 1158 3010 rin-

222 3024 298 3087 culo.
332 3024 559 3094 Academicorum
584 3037 612 3084 et
631 3026 877 3105 Peripateticorum
902 3028 1043 3090 doctrinae
1065 3031 1117 3092 hac
1131 3034 1159 3094 iu

223 3122 257 3168 re
279 3106 459 3187 praestantia.
484 3104 703 3170 Dcdtirtotciio
721 3122 863 3168 ηοω-
882 3106 1022 3170 Basilii
1034 3112 1159 3192 ldaqni

221 3187 370 3251 sttrterttia.
402 3188 565 3266 Fragmenta
589 3209 624 3248 ex
651 3189 899 3252 Aristotelis
914 3192 1029 3270 dialogis
1043 3193 1079 3254 de
1092 3196 1160 3257 Ani·

221 3286 272 3333 tito
305 3286 340 3329 tc
360 3270 398 3331 de
430 3271 589 3331 Nobilitate.
633 3272 700 3351 Ejus
727 3272 900 3351 dialogorum
925 3271 1032 3335 indoles
1055 3275 1084 3335 iit
1104 3296 1158 3355 ge-

221 3368 292 3416 nere
317 3351 469 3430 quaeritur.
496 3352 712 3413 Ciceronis
735 3353 941 3433 prooemiorum
961 3354 1107 3418 naturast
1122 3374 1156 3420 ue

220 3435 314 3499 dotes.
347 3435 391 3494 :lte
419 3434 524 3494 ratione
550 3434 707 3513 disputandi
733 3436 762 3494 in
789 3448 934 3517 utramque
960 3449 1081 3521 partem.
1102 3374 1158 3502 li-

223 3516 267 3578 bri
304 3519 341 3577 tle
382 3515 521 3593 Oratore,
556 3516 595 3575 de
632 3517 675 3576 Re
708 3517 829 3598 publica.
868 3516 1055 3600 Ἀριςοτέλειον
1076 3527 1157 3603 πρόσ-

220 3620 291 3662 ωπον
323 3597 600 3659 indiceretis
630 3597 761 3676 dialogis.
801 3599 846 3656 'Dc
876 3597 985 3677 duplice
1007 3599 1158 3661 Aristo·

220 3682 329 3740 tel-io
354 3698 442 3740 ruore.
470 3676 739 3754 llortensius,
768 3679 954 3757 Academica,
973 3680 1041 3741 libri
1061 3682 1159 3744 delli-

220 3758 322 3839 nibts,
349 3764 383 3822 de
405 3760 508 3820 Natura
533 3761 678 3836 lleomm,
701 3761 737 3820 dc
764 3761 955 3838 Divinatione,
985 3762 1156 3825 Tusculanae

221 3844 416 3917 musmones.
457 3841 562 3901 Possint
603 3843 767 3920 dijudicatur
807 3843 975 3904 Krisclrii
1008 3846 1153 3906 sententia.

220 3926 263 3985 Dc
299 3925 535 3988 illectatione·
569 3922 780 3987 Aristotelis
821 3927 1155 3987 lsocratemaemu-

212 4011 292 4069 'laudi
332 4007 461 4066 studium.
502 4003 626 4062 oratoris
667 4008 790 4066 restitus.
826 4005 868 4066 lle
895 4003 1096 4072 Collocctt'ortc.
1113 4043 1155 4057 -
