2602 4620
626 291 669 361 li

172 501 258 566 tem,
281 502 363 573 quae
385 478 520 546 fortassis
542 478 573 544 Τ
583 474 804 568 yrannion
825 474 866 543 de
893 476 996 565 ipsius
1016 478 1115 549 Ari·
1157 558 1159 563 y

171 580 332 664 stotelis
353 593 574 682 manuscriptis
592 593 632 669 in,
649 591 710 661 hae
733 589 928 669 bibliotheca
940 593 1116 673 reponditir

174 739 248 783 vere
274 717 304 782 ei
338 711 536 797 tradidisset,
559 709 600 778 ad
625 727 723 780 totam
746 714 815 799 ejus
843 709 1024 796 librorum,
1051 730 1119 783 tam

172 832 346 914 rationem,
366 853 464 922 quam
483 827 714 915 cognitionem,
741 825 891 894 retulisse.
948 825 1115 898 Credibile

174 947 260 1013 enim
281 948 335 1014 vix
364 945 467 1029 foret,
489 945 760 1020 Ciceronem,
787 943 845 1034 qui
863 966 913 1011 res
937 941 1020 1012 adeo
1045 945 1111 1011 mi-

179 1061 258 1138 nimi
281 1061 433 1129 momenti
453 1061 573 1147 attigit,
599 1075 684 1127 tanta
707 1060 755 1126 sui
776 1057 937 1139 familiaris
963 1057 1008 1127 de
1023 1059 1132 1131 Ari--

176 1172 337 1245 stotelis
359 1175 484 1267 scriptis
496 1177 620 1262 merita,
635 1176 875 1268 opportunitate
895 1176 984 1245 toties
995 1175 1117 1260 oblata,

176 1291 488 1382 praetermissurum,
530 1305 565 1356 et
604 1288 830 1383 philosophos,
863 1287 967 1380 qnod!
998 1291 1124 1383 summi

179 1405 278 1494 hujus
319 1407 379 1475 riri
405 1407 542 1498 ¹scripta
581 1407 781 1493 ignorarent,
836 1423 901 1474 tam
939 1405 1118 1477 vehemen-

179 1541 228 1595 ter
253 1522 521 1615 reprehensorum
543 1523 637 1590 suisse
663 1521 737 1613 (l);
763 1539 922 1617 praeterea
944 1547 1005 1591 nee
1031 1524 1132 1594 An·-

179 1640 366 1710 dronioo
384 1638 446 1730 (2)
479 1663 601 1707 summa
631 1640 739 1709 aritioa
772 1661 852 1736 opus
875 1639 1006 1735 fuisset,
1027 1641 1054 1707 si
1072 1663 1122 1732 ἐξ

180 1759 259 1826 veris
293 1760 360 1847 ejus
384 1757 607 1846 manuscriptis
628 1755 754 1823 haurire
775 1756 939 1847 potuisset.

224 1875 449 1942 Strabonis
467 1873 638 1952 narrationi
657 1871 791 1940 maxime
808 1869 1016 1940 adversantur
1042 1871 1136 1958 Aa...

184 1987 364 2056 talorum
391 2002 423 2052 et
446 1967 790 2053 Ptolemaeorum
821 1983 925 2053 studia
947 1985 1118 2055 Aristo-

183 2102 284 2174 telis
309 2100 406 2169 libros
427 2098 638 2190 conquirendi
661 2098 727 2190 (3),
750 2099 928 2191 eademque
939 2102 1122 2194 oppositam

183 2219 391 2302 sententiam,
434 2218 504 2304 jam
532 2215 685 2286 continuo
723 2213 816 2309 plura
859 2216 1124 2302 Aristotelis·

184 2334 374 2426 scriptorum
404 2329 592 2421 exemplaria
622 2328 778 2416 adi'uissr,¹
814 2315 1035 2418 confirmari,
1066 2351 1121 2419 et,

186 2474 267 2545 quas
287 2451 323 2520 in
344 2445 562 2520 Athenaei
582 2443 630 2536 (4)
652 2444 931 2519 loaooontroversa
954 2447 1137 2534 videntum>

228 2710 269 2783 (l)
290 2706 362 2786 Top.
400 2723 427 2765 a.
464 2707 491 2772 l,
516 2704 595 2783 „qni
629 2704 665 2763 ab
693 2703 762 2782 ipsis
793 2703 990 2783 philosophis,
1015 2716 1127 2784 praeter

187 2815 336 2876 admodum
375 2831 500 2892 paucos,
540 2813 746 2891 ignoraretur.”
789 2814 829 2890 (i)
854 2812 909 2873 eff.
938 2811 1131 2876 Borithius

188 2924 224 2986 ad
250 2922 364 2984 brist.
394 2922 445 2984 lib.
482 2924 518 2982 de
546 2923 661 3002 interpr.
702 2922 757 2985 Ed.
784 2923 816 2999 2,
850 2928 976 3001 prooem.
1003 2938 1036 3000 p.
1062 2921 1138 2982 Μ·

187 3046 216 3094 et
243 3033 280 3094 do
307 3029 399 3101 Divis,
418 3030 479 3092 init.
503 3052 535 3112 p.
557 3031 629 3105 658,
673 3032 804 3109 Stahr‚
834 3033 869 3108 ll,
899 3051 930 3111 p.
956 3032 1024 3098 tat,
1055 3033 1125 3099 155,

188 3142 371 3218 linebner,
414 3140 451 3202 0.
485 3142 507 3202 l.
530 3160 560 3221 p.
590 3143 639 3219 15,
668 3143 718 3210 tt,
755 3141 944 3217 itinerar,
970 3140 1007 3202 0.
1037 3141 1059 3200 l.
1086 3141 1123 3216 11,

188 3271 219 3331 p.
247 3251 297 3326 to,
326 3249 511 3328 Brundis,
531 3249 569 3311 0.
597 3251 620 3310 l.
648 3251 670 3327 1,
698 3252 746 3329 lll,
776 3272 804 3330 p.
832 3252 893 3311 tlt
923 3262 952 3312 et
979 3251 1123 3331 bitror,

189 3359 236 3428 ΙΙΙ,
255 3378 287 3438 p.
312 3358 363 3418 55.
408 3359 594 3437 (bistabr,
618 3360 654 3436 11,
680 3380 712 3440 p.
740 3362 792 3420 71.
836 3360 876 3440 (l)
907 3360 944 3421 G.
971 3361 1000 3421 J.
1036 3362 1128 3424 Vos-

188 3471 285 3539 sius,
311 3469 347 3530 de
379 3467 469 3529 Sectis
491 3469 564 3530 Phil.
585 3487 613 3528 a.
636 3470 685 3546 15,
717 3487 747 3548 p.
763 3468 816 3546 89,
841 3470 915 3529 huna
940 3468 1127 3533 Athenaei

189 3578 281 3640 lorum
305 3576 343 3636 ita
362 3574 489 3652 intelligit
515 3584 546 3632 ut
570 3574 606 3632 ab
633 3573 677 3633 his
706 3574 886 3636 bibliothecis
913 3593 1030 3653 operum
1053 3576 1128 3636 liri-

192 3684 351 3748 stotelis
379 3695 409 3745 et
445 3682 702 3762 Theophrasti
737 3704 834 3746 eorum
871 3688 1130 3767 manuscriptae:-

194 3795 297 3856 eludat.
334 3793 388 3854 cr.
411 3793 548 3862 buhle,
565 3792 638 3875 opp.
659 3795 680 3863 l,
705 3796 794 3875 praef.
819 3815 848 3877 p.
874 3795 938 3856 XIX
961 3796 989 3859 in
1008 3811 1073 3860 nota
1102 3808 1130 3860 at

195 3902 310 3977 Titne,
341 3899 379 3961 0.
405 3901 427 3960 l.
452 3919 483 3979 p.
507 3903 539 3962 9.
