<?xml version="1.0" encoding="UTF-8"?>
<!DOCTYPE html PUBLIC "-//W3C//DTD XHTML 1.0 Transitional//EN"
    "http://www.w3.org/TR/xhtml1/DTD/xhtml1-transitional.dtd">
<html xmlns="http://www.w3.org/1999/xhtml" xml:lang="en" lang="en">
 <head>
  <title>
</title>
<meta http-equiv="Content-Type" content="text/html;charset=utf-8" />
  <meta name='ocr-system' content='tesseract 3.04.00' />
  <meta name='ocr-capabilities' content='ocr_page ocr_carea ocr_par ocr_line ocrx_word'/>
</head>
<body>
  <div class='ocr_page' id='page_1' title='image "./disquisitiocrit00baumgoog_0013.png"; bbox 0 0 2602 4620; ppageno 0'>
   <div class='ocr_carea' id='block_1_1' title="bbox 685 353 716 404">
    <p class='ocr_par' dir='ltr' id='par_1_1' title="bbox 685 353 716 404">
     <span class='ocr_line' id='line_1_1' title="bbox 685 353 716 404; baseline -0.161 0"><span class='ocrx_word' id='word_1_1' title='bbox 685 353 716 404; x_wconf 75' lang='lat' dir='ltr'><strong><em>v1</em></strong></span> 
     </span>
    </p>
   </div>
   <div class='ocr_carea' id='block_1_2' title="bbox 161 518 1248 3964">
    <p class='ocr_par' dir='ltr' id='par_1_2' title="bbox 224 518 1241 1993">
     <span class='ocr_line' id='line_1_2' title="bbox 276 518 1170 610; baseline -0.003 -22"><span class='ocrx_word' id='word_1_2' title='bbox 276 521 459 610; x_wconf 83' lang='lat' dir='ltr'><strong><em>Singulare</em></strong></span> <span class='ocrx_word' id='word_1_3' title='bbox 489 543 630 610; x_wconf 86' lang='lat' dir='ltr'><strong><em>aguasco</em></strong></span> <span class='ocrx_word' id='word_1_4' title='bbox 662 519 729 584; x_wconf 88' lang='lat' dir='ltr'><strong><em>Dei</em></strong></span> <span class='ocrx_word' id='word_1_5' title='bbox 756 520 966 606; x_wconf 68' lang='lat' dir='ltr'><strong><em>benificium,</em></strong></span> <span class='ocrx_word' id='word_1_6' title='bbox 1004 543 1067 607; x_wconf 86' lang='lat' dir='ltr'><strong><em>qua</em></strong></span> <span class='ocrx_word' id='word_1_7' title='bbox 1092 518 1170 608; x_wconf 81' lang='lat' dir='ltr'><strong><em>Ipse</em></strong></span> 
     </span>
     <span class='ocr_line' id='line_1_3' title="bbox 231 634 1169 728; baseline -0.002 -26"><span class='ocrx_word' id='word_1_8' title='bbox 231 640 370 727; x_wconf 83' lang='lat' dir='ltr'><strong><em>egregia</em></strong></span> <span class='ocrx_word' id='word_1_9' title='bbox 400 634 713 728; x_wconf 83' lang='lat' dir='ltr'><strong><em>Wyttenbachii</em></strong></span> <span class='ocrx_word' id='word_1_10' title='bbox 750 635 928 723; x_wconf 77' lang='lat' dir='ltr'><strong><em>disciplina</em></strong></span> <span class='ocrx_word' id='word_1_11' title='bbox 950 658 1016 699; x_wconf 89' lang='lat' dir='ltr'><strong><em>uon</em></strong></span> <span class='ocrx_word' id='word_1_12' title='bbox 1037 645 1169 701; x_wconf 92' lang='lat' dir='ltr'><strong><em>tantum</em></strong></span> 
     </span>
     <span class='ocr_line' id='line_1_4' title="bbox 234 750 1173 839; baseline -0.001 -23"><span class='ocrx_word' id='word_1_13' title='bbox 234 753 419 819; x_wconf 79' lang='lat' dir='ltr'><em>liberaliter</em></span> <span class='ocrx_word' id='word_1_14' title='bbox 451 753 632 832; x_wconf 77' lang='lat' dir='ltr'><strong><em>educatus,</em></strong></span> <span class='ocrx_word' id='word_1_15' title='bbox 665 751 727 818; x_wconf 87' lang='lat' dir='ltr'><strong><em>sed</em></strong></span> <span class='ocrx_word' id='word_1_16' title='bbox 749 750 831 816; x_wconf 89' lang='lat' dir='ltr'><strong><em>adeo</em></strong></span> <span class='ocrx_word' id='word_1_17' title='bbox 856 752 916 814; x_wconf 81' lang='lat' dir='ltr'><strong><em>sub</em></strong></span> <span class='ocrx_word' id='word_1_18' title='bbox 946 752 1048 838; x_wconf 80' lang='lat' dir='ltr'><strong><em>liujus</em></strong></span> <span class='ocrx_word' id='word_1_19' title='bbox 1071 756 1173 839; x_wconf 82' lang='lat' dir='ltr'><strong><em>quasi</em></strong></span> 
     </span>
     <span class='ocr_line' id='line_1_5' title="bbox 233 862 1168 952; baseline 0.001 -24"><span class='ocrx_word' id='word_1_20' title='bbox 233 866 340 930; x_wconf 86' lang='lat' dir='ltr'><strong><em>tutela</em></strong></span> <span class='ocrx_word' id='word_1_21' title='bbox 375 862 577 930; x_wconf 85' lang='lat' dir='ltr'><strong><em>Academica</em></strong></span> <span class='ocrx_word' id='word_1_22' title='bbox 606 873 666 928; x_wconf 91' lang='lat' dir='ltr'><strong><em>tua</em></strong></span> <span class='ocrx_word' id='word_1_23' title='bbox 697 866 811 952; x_wconf 77' lang='lat' dir='ltr'><strong><em>spatia</em></strong></span> <span class='ocrx_word' id='word_1_24' title='bbox 834 866 1054 950; x_wconf 79' lang='lat' dir='ltr'><strong><em>auspicatus,</em></strong></span> <span class='ocrx_word' id='word_1_25' title='bbox 1080 888 1168 952; x_wconf 85' lang='lat' dir='ltr'><strong><em>quae</em></strong></span> 
     </span>
     <span class='ocr_line' id='line_1_6' title="bbox 225 975 1169 1071; baseline -0.002 -27"><span class='ocrx_word' id='word_1_26' title='bbox 225 1001 294 1067; x_wconf 86' lang='lat' dir='ltr'><strong><em>per</em></strong></span> <span class='ocrx_word' id='word_1_27' title='bbox 313 986 435 1067; x_wconf 59' lang='lat' dir='ltr'><strong><em>saitem</em></strong></span> <span class='ocrx_word' id='word_1_28' title='bbox 446 979 530 1066; x_wconf 84' lang='lat' dir='ltr'><strong><em>fere</em></strong></span> <span class='ocrx_word' id='word_1_29' title='bbox 551 1001 658 1043; x_wconf 91' lang='lat' dir='ltr'><strong><em>anuos</em></strong></span> <span class='ocrx_word' id='word_1_30' title='bbox 683 1001 721 1044; x_wconf 89' lang='lat' dir='ltr'><strong><em>eu</em></strong></span> <span class='ocrx_word' id='word_1_31' title='bbox 745 999 868 1041; x_wconf 90' lang='lat' dir='ltr'><strong><em>summo</em></strong></span> <span class='ocrx_word' id='word_1_32' title='bbox 890 978 950 1042; x_wconf 89' lang='lat' dir='ltr'><strong><em>illo</em></strong></span> <span class='ocrx_word' id='word_1_33' title='bbox 976 975 1008 1042; x_wconf 88' lang='lat' dir='ltr'><em>V</em></span> <span class='ocrx_word' id='word_1_34' title='bbox 1006 982 1056 1071; x_wconf 77' lang='lat' dir='ltr'><strong><em>irc</em></strong></span> <span class='ocrx_word' id='word_1_35' title='bbox 1079 1002 1169 1069; x_wconf 82' lang='lat' dir='ltr'><em>pro-</em></span> 
     </span>
     <span class='ocr_line' id='line_1_7' title="bbox 224 1079 1241 1182; baseline 0.001 -24"><span class='ocrx_word' id='word_1_36' title='bbox 224 1093 376 1179; x_wconf 84' lang='lat' dir='ltr'><strong><em>feceris,</em></strong></span> <span class='ocrx_word' id='word_1_37' title='bbox 422 1114 632 1181; x_wconf 82' lang='lat' dir='ltr'><strong><em>quoscunque</em></strong></span> <span class='ocrx_word' id='word_1_38' title='bbox 664 1079 806 1179; x_wconf 87' lang='lat' dir='ltr'><strong><em>fruetus</em></strong></span> <span class='ocrx_word' id='word_1_39' title='bbox 848 1088 928 1156; x_wconf 86' lang='lat' dir='ltr'><strong><em>inde</em></strong></span> <span class='ocrx_word' id='word_1_40' title='bbox 956 1099 1168 1182; x_wconf 67' lang='lat' dir='ltr'><strong><em>perceperis,</em></strong></span> <span class='ocrx_word' id='word_1_41' title='bbox 1240 1173 1241 1176; x_wconf 8' lang='grc' dir='ltr'><strong>Ἴ</strong></span> 
     </span>
     <span class='ocr_line' id='line_1_8' title="bbox 234 1208 1170 1299; baseline 0.003 -27"><span class='ocrx_word' id='word_1_42' title='bbox 234 1208 326 1274; x_wconf 78' lang='lat' dir='ltr'><strong><em>uobis</em></strong></span> <span class='ocrx_word' id='word_1_43' title='bbox 348 1208 505 1296; x_wconf 87' lang='lat' dir='ltr'><strong><em>tradere,</em></strong></span> <span class='ocrx_word' id='word_1_44' title='bbox 540 1209 589 1273; x_wconf 90' lang='lat' dir='ltr'><strong><em>ad</em></strong></span> <span class='ocrx_word' id='word_1_45' title='bbox 611 1212 748 1298; x_wconf 82' lang='lat' dir='ltr'><strong><em>ejusque</em></strong></span> <span class='ocrx_word' id='word_1_46' title='bbox 762 1221 946 1299; x_wconf 81' lang='lat' dir='ltr'><strong><em>praecepta</em></strong></span> <span class='ocrx_word' id='word_1_47' title='bbox 972 1233 1030 1275; x_wconf 86' lang='lat' dir='ltr'><strong><em>nos</em></strong></span> <span class='ocrx_word' id='word_1_48' title='bbox 1056 1212 1170 1298; x_wconf 88' lang='lat' dir='ltr'><strong><em>infor-</em></strong></span> 
     </span>
     <span class='ocr_line' id='line_1_9' title="bbox 233 1320 1172 1413; baseline 0.003 -26"><span class='ocrx_word' id='word_1_49' title='bbox 233 1345 343 1406; x_wconf 87' lang='lat' dir='ltr'><strong><em>mare,</em></strong></span> <span class='ocrx_word' id='word_1_50' title='bbox 373 1321 447 1389; x_wconf 77' lang='lat' dir='ltr'><strong><em>Tibi</em></strong></span> <span class='ocrx_word' id='word_1_51' title='bbox 461 1333 601 1413; x_wconf 85' lang='lat' dir='ltr'><strong><em>gratum</em></strong></span> <span class='ocrx_word' id='word_1_52' title='bbox 625 1320 1008 1412; x_wconf 74' lang='lat' dir='ltr'><strong><em>acceptumquefuerit;</em></strong></span> <span class='ocrx_word' id='word_1_53' title='bbox 1040 1329 1090 1390; x_wconf 91' lang='lat' dir='ltr'><strong><em>ita</em></strong></span> <span class='ocrx_word' id='word_1_54' title='bbox 1113 1335 1172 1406; x_wconf 90' lang='lat' dir='ltr'><strong><em>ut,</em></strong></span> 
     </span>
     <span class='ocr_line' id='line_1_10' title="bbox 237 1439 1173 1526; baseline 0.003 -24"><span class='ocrx_word' id='word_1_55' title='bbox 237 1440 313 1504; x_wconf 89' lang='lat' dir='ltr'><strong><em>licet</em></strong></span> <span class='ocrx_word' id='word_1_56' title='bbox 331 1439 514 1526; x_wconf 83' lang='lat' dir='ltr'><strong><em>aliquanda</em></strong></span> <span class='ocrx_word' id='word_1_57' title='bbox 536 1462 586 1504; x_wconf 89' lang='lat' dir='ltr'><strong><em>me</em></strong></span> <span class='ocrx_word' id='word_1_58' title='bbox 608 1439 787 1504; x_wconf 84' lang='lat' dir='ltr'><strong><em>tardiorem</em></strong></span> <span class='ocrx_word' id='word_1_59' title='bbox 806 1440 856 1504; x_wconf 87' lang='lat' dir='ltr'><strong><em>ad</em></strong></span> <span class='ocrx_word' id='word_1_60' title='bbox 865 1439 1173 1526; x_wconf 88' lang='lat' dir='ltr'><strong><em>discendumsuisse</em></strong></span> 
     </span>
     <span class='ocr_line' id='line_1_11' title="bbox 236 1554 1171 1645; baseline 0.004 -25"><span class='ocrx_word' id='word_1_61' title='bbox 236 1557 485 1645; x_wconf 71' lang='lat' dir='ltr'><strong><em>landengem,</em></strong></span> <span class='ocrx_word' id='word_1_62' title='bbox 514 1554 543 1622; x_wconf 87' lang='lat' dir='ltr'><em>T</em></span> <span class='ocrx_word' id='word_1_63' title='bbox 542 1581 560 1622; x_wconf 89' lang='lat' dir='ltr'><strong><em>e</em></strong></span> <span class='ocrx_word' id='word_1_64' title='bbox 586 1567 696 1622; x_wconf 89' lang='lat' dir='ltr'><strong><em>tamen</em></strong></span> <span class='ocrx_word' id='word_1_65' title='bbox 721 1557 905 1623; x_wconf 75' lang='lat' dir='ltr'><strong><em>studiorum</em></strong></span> <span class='ocrx_word' id='word_1_66' title='bbox 939 1581 1082 1623; x_wconf 75' lang='lat' dir='ltr'><strong><em>meatum</em></strong></span> <span class='ocrx_word' id='word_1_67' title='bbox 1104 1584 1171 1624; x_wconf 90' lang='lat' dir='ltr'><strong><em>au-</em></strong></span> 
     </span>
     <span class='ocr_line' id='line_1_12' title="bbox 236 1674 1171 1761; baseline 0.003 -24"><span class='ocrx_word' id='word_1_68' title='bbox 236 1682 356 1738; x_wconf 87' lang='lat' dir='ltr'><strong><em>ctorem</em></strong></span> <span class='ocrx_word' id='word_1_69' title='bbox 389 1696 526 1754; x_wconf 82' lang='lat' dir='ltr'><strong><em>uocare,</em></strong></span> <span class='ocrx_word' id='word_1_70' title='bbox 558 1682 681 1761; x_wconf 80' lang='lat' dir='ltr'><strong><em>tuaque</em></strong></span> <span class='ocrx_word' id='word_1_71' title='bbox 700 1677 736 1738; x_wconf 92' lang='lat' dir='ltr'><strong><em>iu</em></strong></span> <span class='ocrx_word' id='word_1_72' title='bbox 758 1698 808 1739; x_wconf 91' lang='lat' dir='ltr'><strong><em>me</em></strong></span> <span class='ocrx_word' id='word_1_73' title='bbox 839 1677 965 1739; x_wconf 88' lang='lat' dir='ltr'><strong><em>collata</em></strong></span> <span class='ocrx_word' id='word_1_74' title='bbox 998 1674 1171 1760; x_wconf 75' lang='lat' dir='ltr'><strong><em>beneficia,</em></strong></span> 
     </span>
     <span class='ocr_line' id='line_1_13' title="bbox 237 1775 1171 1877; baseline 0.001 -25"><span class='ocrx_word' id='word_1_75' title='bbox 237 1775 484 1877; x_wconf 74' lang='lat' dir='ltr'><strong><em>opportunitate</em></strong></span> <span class='ocrx_word' id='word_1_76' title='bbox 504 1781 640 1874; x_wconf 77' lang='lat' dir='ltr'><strong><em>oblata,</em></strong></span> <span class='ocrx_word' id='word_1_77' title='bbox 664 1788 831 1872; x_wconf 82' lang='lat' dir='ltr'><strong><em>recolere,</em></strong></span> <span class='ocrx_word' id='word_1_78' title='bbox 846 1791 989 1876; x_wconf 75' lang='lat' dir='ltr'><strong><em>pietatis</em></strong></span> <span class='ocrx_word' id='word_1_79' title='bbox 1007 1793 1171 1876; x_wconf 76' lang='lat' dir='ltr'><strong><em>gratissi-</em></strong></span> 
     </span>
     <span class='ocr_line' id='line_1_14' title="bbox 235 1903 982 1993; baseline 0.001 -28"><span class='ocrx_word' id='word_1_80' title='bbox 235 1923 322 1966; x_wconf 91' lang='lat' dir='ltr'><strong><em>mum</em></strong></span> <span class='ocrx_word' id='word_1_81' title='bbox 341 1925 469 1993; x_wconf 70' lang='lat' dir='ltr'><strong><em>seumcr</em></strong></span> <span class='ocrx_word' id='word_1_82' title='bbox 490 1903 629 1990; x_wconf 75' lang='lat' dir='ltr'><strong><em>‹ifficium</em></strong></span> <span class='ocrx_word' id='word_1_83' title='bbox 650 1904 730 1967; x_wconf 77' lang='lat' dir='ltr'><strong><em>milii</em></strong></span> <span class='ocrx_word' id='word_1_84' title='bbox 749 1907 796 1968; x_wconf 92' lang='lat' dir='ltr'><strong><em>sit</em></strong></span> <span class='ocrx_word' id='word_1_85' title='bbox 806 1903 982 1989; x_wconf 77' lang='lat' dir='ltr'><strong><em>futurum.</em></strong></span> 
     </span>
    </p>

    <p class='ocr_par' dir='ltr' id='par_1_3' title="bbox 161 2015 1248 3964">
     <span class='ocr_line' id='line_1_15' title="bbox 161 2015 1171 2103; baseline 0.006 -25"><span class='ocrx_word' id='word_1_86' title='bbox 161 2017 167 2033; x_wconf 85' lang='lat'>&#39;</span> <span class='ocrx_word' id='word_1_87' title='bbox 280 2015 426 2080; x_wconf 87' lang='lat' dir='ltr'><strong><em>Peracta</em></strong></span> <span class='ocrx_word' id='word_1_88' title='bbox 449 2017 582 2103; x_wconf 78' lang='lat' dir='ltr'><strong><em>puerili</em></strong></span> <span class='ocrx_word' id='word_1_89' title='bbox 601 2021 829 2102; x_wconf 83' lang='lat' dir='ltr'><strong><em>institutione,</em></strong></span> <span class='ocrx_word' id='word_1_90' title='bbox 861 2022 918 2082; x_wconf 92' lang='lat' dir='ltr'><strong><em>cui</em></strong></span> <span class='ocrx_word' id='word_1_91' title='bbox 940 2015 973 2083; x_wconf 90' lang='lat' dir='ltr'><em>V</em></span> <span class='ocrx_word' id='word_1_92' title='bbox 970 2041 1026 2098; x_wconf 86' lang='lat' dir='ltr'><strong><em>os,</em></strong></span> <span class='ocrx_word' id='word_1_93' title='bbox 1051 2017 1171 2084; x_wconf 72' lang='lat' dir='ltr'><strong><em>Cutis·</em></strong></span> 
     </span>
     <span class='ocr_line' id='line_1_16' title="bbox 238 2131 1173 2222; baseline 0.003 -28"><span class='ocrx_word' id='word_1_94' title='bbox 238 2135 316 2196; x_wconf 91' lang='lat' dir='ltr'><strong><em>simi</em></strong></span> <span class='ocrx_word' id='word_1_95' title='bbox 341 2131 528 2197; x_wconf 81' lang='lat' dir='ltr'><strong><em>Parentes!</em></strong></span> <span class='ocrx_word' id='word_1_96' title='bbox 551 2131 625 2198; x_wconf 82' lang='lat' dir='ltr'><strong><em>Soti·</em></strong></span> <span class='ocrx_word' id='word_1_97' title='bbox 648 2137 874 2222; x_wconf 81' lang='lat' dir='ltr'><strong><em>invigilastis,</em></strong></span> <span class='ocrx_word' id='word_1_98' title='bbox 911 2159 983 2217; x_wconf 82' lang='lat' dir='ltr'><strong><em>me,</em></strong></span> <span class='ocrx_word' id='word_1_99' title='bbox 1016 2136 1173 2198; x_wconf 82' lang='lat' dir='ltr'><strong><em>imbutum</em></strong></span> 
     </span>
     <span class='ocr_line' id='line_1_17' title="bbox 239 2248 1172 2336; baseline 0.004 -28"><span class='ocrx_word' id='word_1_100' title='bbox 239 2250 371 2335; x_wconf 81' lang='lat' dir='ltr'><strong><em>optimis</em></strong></span> <span class='ocrx_word' id='word_1_101' title='bbox 403 2248 571 2325; x_wconf 74' lang='lat' dir='ltr'><strong><em>sensibus,</em></strong></span> <span class='ocrx_word' id='word_1_102' title='bbox 603 2252 640 2310; x_wconf 90' lang='lat' dir='ltr'><strong><em>in</em></strong></span> <span class='ocrx_word' id='word_1_103' title='bbox 675 2253 843 2336; x_wconf 77' lang='lat' dir='ltr'><strong><em>egregiam</em></strong></span> <span class='ocrx_word' id='word_1_104' title='bbox 863 2249 1095 2312; x_wconf 81' lang='lat' dir='ltr'><strong><em>Niemeiii·i</em></strong></span> <span class='ocrx_word' id='word_1_105' title='bbox 1117 2248 1172 2312; x_wconf 91' lang='lat' dir='ltr'><strong><em>di-</em></strong></span> 
     </span>
     <span class='ocr_line' id='line_1_18' title="bbox 175 2359 1172 2455; baseline 0.003 -30"><span class='ocrx_word' id='word_1_106' title='bbox 175 2417 179 2425; x_wconf 94' lang='lat'>.</span> <span class='ocrx_word' id='word_1_107' title='bbox 240 2362 417 2450; x_wconf 56' lang='lat' dir='ltr'><strong><em>camlinam</em></strong></span> <span class='ocrx_word' id='word_1_108' title='bbox 448 2359 655 2444; x_wconf 75' lang='lat' dir='ltr'><strong><em>tradidistis,</em></strong></span> <span class='ocrx_word' id='word_1_109' title='bbox 684 2367 745 2451; x_wconf 80' lang='lat' dir='ltr'><strong><em>qui</em></strong></span> <span class='ocrx_word' id='word_1_110' title='bbox 755 2412 765 2444; x_wconf 91' lang='lat'><strong><em>,</em></strong></span> <span class='ocrx_word' id='word_1_111' title='bbox 796 2367 947 2455; x_wconf 78' lang='lat' dir='ltr'><strong><em>quamvis</em></strong></span> <span class='ocrx_word' id='word_1_112' title='bbox 968 2385 1092 2449; x_wconf 80' lang='lat' dir='ltr'><strong><em>senen,</em></strong></span> <span class='ocrx_word' id='word_1_113' title='bbox 1116 2366 1172 2428; x_wconf 82' lang='lat' dir='ltr'><strong><em>lie-</em></strong></span> 
     </span>
     <span class='ocr_line' id='line_1_19' title="bbox 239 2469 1173 2564; baseline 0 -24"><span class='ocrx_word' id='word_1_114' title='bbox 239 2476 481 2554; x_wconf 80' lang='lat' dir='ltr'><strong><em>neuc&#39;teiitiiim,</em></strong></span> <span class='ocrx_word' id='word_1_115' title='bbox 513 2498 582 2564; x_wconf 75' lang='lat' dir='ltr'><strong><em>qua</em></strong></span> <span class='ocrx_word' id='word_1_116' title='bbox 613 2473 680 2558; x_wconf 85' lang='lat' dir='ltr'><strong><em>Te,</em></strong></span> <span class='ocrx_word' id='word_1_117' title='bbox 710 2475 918 2541; x_wconf 75' lang='lat' dir='ltr'><strong><em>dilectissime</em></strong></span> <span class='ocrx_word' id='word_1_118' title='bbox 941 2469 1049 2559; x_wconf 80' lang='lat' dir='ltr'><strong><em>Pater</em></strong></span> <span class='ocrx_word' id='word_1_119' title='bbox 1057 2476 1072 2540; x_wconf 87' lang='lat' dir='ltr'><strong><em>t</em></strong></span> <span class='ocrx_word' id='word_1_120' title='bbox 1105 2500 1173 2540; x_wconf 91' lang='lat' dir='ltr'><strong><em>an-</em></strong></span> 
     </span>
     <span class='ocr_line' id='line_1_20' title="bbox 242 2576 1175 2679; baseline -0.002 -21"><span class='ocrx_word' id='word_1_121' title='bbox 242 2599 296 2658; x_wconf 79' lang='lat' dir='ltr'><strong><em>tea</em></strong></span> <span class='ocrx_word' id='word_1_122' title='bbox 330 2576 406 2658; x_wconf 69' lang='lat' dir='ltr'><strong><em>erut</em></strong></span> <span class='ocrx_word' id='word_1_123' title='bbox 434 2600 653 2679; x_wconf 80' lang='lat' dir='ltr'><strong><em>prosecutus,</em></strong></span> <span class='ocrx_word' id='word_1_124' title='bbox 684 2597 720 2658; x_wconf 93' lang='lat' dir='ltr'><strong><em>in</em></strong></span> <span class='ocrx_word' id='word_1_125' title='bbox 755 2612 805 2655; x_wconf 90' lang='lat' dir='ltr'><strong><em>me</em></strong></span> <span class='ocrx_word' id='word_1_126' title='bbox 838 2591 1038 2672; x_wconf 81' lang='lat' dir='ltr'><strong><em>transtulit,</em></strong></span> <span class='ocrx_word' id='word_1_127' title='bbox 1063 2614 1175 2679; x_wconf 85' lang='lat' dir='ltr'><strong><em>meque</em></strong></span> 
     </span>
     <span class='ocr_line' id='line_1_21' title="bbox 235 2707 1173 2797; baseline -0.003 -24"><span class='ocrx_word' id='word_1_128' title='bbox 235 2724 401 2797; x_wconf 75' lang='lat' dir='ltr'><strong><em>puerum,</em></strong></span> <span class='ocrx_word' id='word_1_129' title='bbox 433 2708 510 2771; x_wconf 88' lang='lat' dir='ltr'><strong><em>dum</em></strong></span> <span class='ocrx_word' id='word_1_130' title='bbox 547 2709 662 2790; x_wconf 90' lang='lat' dir='ltr'><strong><em>licuit,</em></strong></span> <span class='ocrx_word' id='word_1_131' title='bbox 688 2730 756 2797; x_wconf 83' lang='lat' dir='ltr'><strong><em>per</em></strong></span> <span class='ocrx_word' id='word_1_132' title='bbox 790 2710 876 2773; x_wconf 90' lang='lat' dir='ltr'><strong><em>anni</em></strong></span> <span class='ocrx_word' id='word_1_133' title='bbox 899 2707 982 2794; x_wconf 81' lang='lat' dir='ltr'><strong><em>fere</em></strong></span> <span class='ocrx_word' id='word_1_134' title='bbox 1007 2711 1173 2796; x_wconf 61' lang='lat' dir='ltr'><strong><em>sliatium,</em></strong></span> 
     </span>
     <span class='ocr_line' id='line_1_22' title="bbox 239 2817 1174 2910; baseline -0.004 -22"><span class='ocrx_word' id='word_1_135' title='bbox 239 2820 456 2910; x_wconf 75' lang='lat' dir='ltr'><strong><em>quotidianae</em></strong></span> <span class='ocrx_word' id='word_1_136' title='bbox 493 2844 574 2888; x_wconf 89' lang='lat' dir='ltr'><strong><em>suae</em></strong></span> <span class='ocrx_word' id='word_1_137' title='bbox 604 2817 851 2887; x_wconf 77' lang='lat' dir='ltr'><strong><em>consuetudinis</em></strong></span> <span class='ocrx_word' id='word_1_138' title='bbox 887 2828 1067 2884; x_wconf 80' lang='lat' dir='ltr'><strong><em>iiiisoitem</em></strong></span> <span class='ocrx_word' id='word_1_139' title='bbox 1105 2841 1174 2884; x_wconf 82' lang='lat' dir='ltr'><strong><em>esse</em></strong></span> 
     </span>
     <span class='ocr_line' id='line_1_23' title="bbox 239 2926 1174 3022; baseline -0.002 -22"><span class='ocrx_word' id='word_1_140' title='bbox 239 2936 354 3000; x_wconf 81' lang='lat' dir='ltr'><strong><em>ualuit.</em></strong></span> <span class='ocrx_word' id='word_1_141' title='bbox 400 2931 508 3016; x_wconf 80' lang='lat' dir='ltr'><strong><em>Quum</em></strong></span> <span class='ocrx_word' id='word_1_142' title='bbox 528 2955 606 3000; x_wconf 83' lang='lat' dir='ltr'><strong><em>uero</em></strong></span> <span class='ocrx_word' id='word_1_143' title='bbox 629 2937 771 3022; x_wconf 76' lang='lat' dir='ltr'><strong><em>optimus</em></strong></span> <span class='ocrx_word' id='word_1_144' title='bbox 793 2931 854 2996; x_wconf 88' lang='lat' dir='ltr'><strong><em>ille</em></strong></span> <span class='ocrx_word' id='word_1_145' title='bbox 878 2926 967 3012; x_wconf 83' lang='lat' dir='ltr'><strong><em>Vir,</em></strong></span> <span class='ocrx_word' id='word_1_146' title='bbox 999 2935 1174 3021; x_wconf 80' lang='lat' dir='ltr'><strong><em>impinata</em></strong></span> 
     </span>
     <span class='ocr_line' id='line_1_24' title="bbox 237 3048 1175 3138; baseline -0.009 -18"><span class='ocrx_word' id='word_1_147' title='bbox 237 3059 344 3120; x_wconf 77' lang='lat' dir='ltr'><strong><em>nisui</em></strong></span> <span class='ocrx_word' id='word_1_148' title='bbox 375 3048 453 3118; x_wconf 83' lang='lat' dir='ltr'><strong><em>Suis</em></strong></span> <span class='ocrx_word' id='word_1_149' title='bbox 492 3072 533 3118; x_wconf 87' lang='lat' dir='ltr'><strong><em>ac</em></strong></span> <span class='ocrx_word' id='word_1_150' title='bbox 559 3048 732 3138; x_wconf 64' lang='lat' dir='ltr'><strong><em>disciiulis</em></strong></span> <span class='ocrx_word' id='word_1_151' title='bbox 752 3057 907 3135; x_wconf 77' lang='lat' dir='ltr'><strong><em>ereptus,</em></strong></span> <span class='ocrx_word' id='word_1_152' title='bbox 940 3051 1175 3135; x_wconf 86' lang='lat' dir='ltr'><strong><em>grauissimum</em></strong></span> 
     </span>
     <span class='ocr_line' id='line_1_25' title="bbox 241 3165 1175 3264; baseline -0.005 -24"><span class='ocrx_word' id='word_1_153' title='bbox 241 3177 300 3240; x_wconf 79' lang='lat' dir='ltr'><strong><em>sui</em></strong></span> <span class='ocrx_word' id='word_1_154' title='bbox 320 3172 524 3264; x_wconf 71' lang='lat' dir='ltr'><strong><em>t‘eliuquerct</em></strong></span> <span class='ocrx_word' id='word_1_155' title='bbox 551 3170 771 3250; x_wconf 84' lang='lat' dir='ltr'><strong><em>desiderium,</em></strong></span> <span class='ocrx_word' id='word_1_156' title='bbox 810 3169 962 3251; x_wconf 87' lang='lat' dir='ltr'><strong><em>uincula,</em></strong></span> <span class='ocrx_word' id='word_1_157' title='bbox 1010 3170 1101 3256; x_wconf 84' lang='lat' dir='ltr'><strong><em>quad</em></strong></span> <span class='ocrx_word' id='word_1_158' title='bbox 1130 3165 1175 3235; x_wconf 85' lang='lat' dir='ltr'><strong><em>Te</em></strong></span> 
     </span>
     <span class='ocr_line' id='line_1_26' title="bbox 241 3285 1173 3378; baseline -0.014 -19"><span class='ocrx_word' id='word_1_159' title='bbox 241 3287 518 3378; x_wconf 74' lang='lat' dir='ltr'><strong><em>cumlilymnasia</em></strong></span> <span class='ocrx_word' id='word_1_160' title='bbox 540 3289 684 3356; x_wconf 85' lang='lat' dir='ltr'><strong><em>Halensi</em></strong></span> <span class='ocrx_word' id='word_1_161' title='bbox 701 3285 943 3373; x_wconf 81' lang='lat' dir='ltr'><strong><em>conjunxerat,</em></strong></span> <span class='ocrx_word' id='word_1_162' title='bbox 980 3294 1048 3348; x_wconf 93' lang='lat' dir='ltr'><strong><em>tum</em></strong></span> <span class='ocrx_word' id='word_1_163' title='bbox 1065 3304 1173 3373; x_wconf 77' lang='lat' dir='ltr'><em>pror-</em></span> 
     </span>
     <span class='ocr_line' id='line_1_27' title="bbox 241 3396 1174 3488; baseline -0.012 -14"><span class='ocrx_word' id='word_1_164' title='bbox 241 3426 299 3474; x_wconf 81' lang='lat' dir='ltr'><strong><em>sas</em></strong></span> <span class='ocrx_word' id='word_1_165' title='bbox 329 3403 515 3488; x_wconf 84' lang='lat' dir='ltr'><strong><em>dissoluto,</em></strong></span> <span class='ocrx_word' id='word_1_166' title='bbox 552 3425 603 3469; x_wconf 86' lang='lat' dir='ltr'><strong><em>me</em></strong></span> <span class='ocrx_word' id='word_1_167' title='bbox 634 3421 753 3468; x_wconf 80' lang='lat' dir='ltr'><strong><em>rursus</em></strong></span> <span class='ocrx_word' id='word_1_168' title='bbox 787 3406 823 3466; x_wconf 90' lang='lat' dir='ltr'><strong><em>in</em></strong></span> <span class='ocrx_word' id='word_1_169' title='bbox 852 3408 1032 3480; x_wconf 79' lang='lat' dir='ltr'><strong><em>paternum</em></strong></span> <span class='ocrx_word' id='word_1_170' title='bbox 1055 3396 1174 3484; x_wconf 83' lang='lat' dir='ltr'><strong><em>focum</em></strong></span> 
     </span>
     <span class='ocr_line' id='line_1_28' title="bbox 242 3514 1248 3619; baseline -0.013 -27"><span class='ocrx_word' id='word_1_171' title='bbox 242 3526 414 3619; x_wconf 70' lang='lat' dir='ltr'><strong><em>recepisti,</em></strong></span> <span class='ocrx_word' id='word_1_172' title='bbox 442 3527 666 3615; x_wconf 76' lang='lat' dir='ltr'><strong><em>privataeque</em></strong></span> <span class='ocrx_word' id='word_1_173' title='bbox 690 3521 964 3585; x_wconf 63' lang='lat' dir='ltr'><strong><em>ditissimomm</em></strong></span> <span class='ocrx_word' id='word_1_174' title='bbox 1002 3514 1181 3605; x_wconf 74' lang='lat' dir='ltr'><strong><em>Gymnasii</em></strong></span> <span class='ocrx_word' id='word_1_175' title='bbox 1241 3542 1248 3557; x_wconf 57' lang='lat'><em>2</em></span> 
     </span>
     <span class='ocr_line' id='line_1_29' title="bbox 242 3632 1175 3727; baseline -0.016 -17"><span class='ocrx_word' id='word_1_176' title='bbox 242 3641 471 3713; x_wconf 77' lang='lat' dir='ltr'><strong><em>Bnixellensis</em></strong></span> <span class='ocrx_word' id='word_1_177' title='bbox 492 3639 749 3727; x_wconf 70' lang='lat' dir='ltr'><strong><em>Praeceptcium</em></strong></span> <span class='ocrx_word' id='word_1_178' title='bbox 770 3638 973 3700; x_wconf 86' lang='lat' dir='ltr'><strong><em>institutioni</em></strong></span> <span class='ocrx_word' id='word_1_179' title='bbox 979 3632 1175 3699; x_wconf 86' lang='lat' dir='ltr'><strong><em>commisisti.</em></strong></span> 
     </span>
     <span class='ocr_line' id='line_1_30' title="bbox 244 3745 1179 3845; baseline -0.017 -20"><span class='ocrx_word' id='word_1_180' title='bbox 244 3758 297 3826; x_wconf 76' lang='lat' dir='ltr'><strong><em>Au</em></strong></span> <span class='ocrx_word' id='word_1_181' title='bbox 325 3760 383 3824; x_wconf 84' lang='lat' dir='ltr'><strong><em>licc</em></strong></span> <span class='ocrx_word' id='word_1_182' title='bbox 410 3757 487 3824; x_wconf 81' lang='lat' dir='ltr'><strong><em>inde</em></strong></span> <span class='ocrx_word' id='word_1_183' title='bbox 519 3766 661 3845; x_wconf 75' lang='lat' dir='ltr'><strong><em>tempore</em></strong></span> <span class='ocrx_word' id='word_1_184' title='bbox 693 3754 826 3841; x_wconf 79' lang='lat' dir='ltr'><strong><em>egregie</em></strong></span> <span class='ocrx_word' id='word_1_185' title='bbox 849 3770 977 3837; x_wconf 82' lang='lat' dir='ltr'><strong><em>quaque</em></strong></span> <span class='ocrx_word' id='word_1_186' title='bbox 999 3747 1107 3812; x_wconf 77' lang='lat' dir='ltr'><strong><em>saluii</em></strong></span> <span class='ocrx_word' id='word_1_187' title='bbox 1129 3745 1179 3810; x_wconf 88' lang='lat' dir='ltr'><strong><em>ud</em></strong></span> 
     </span>
     <span class='ocr_line' id='line_1_31' title="bbox 244 3858 1176 3964; baseline -0.016 -24"><span class='ocrx_word' id='word_1_188' title='bbox 244 3880 366 3941; x_wconf 76' lang='lat' dir='ltr'><strong><em>artium</em></strong></span> <span class='ocrx_word' id='word_1_189' title='bbox 389 3866 630 3964; x_wconf 68' lang='lat' dir='ltr'><strong><em>elegantiarum</em></strong></span> <span class='ocrx_word' id='word_1_190' title='bbox 653 3888 795 3936; x_wconf 85' lang='lat' dir='ltr'><strong><em>amorem</em></strong></span> <span class='ocrx_word' id='word_1_191' title='bbox 815 3871 852 3932; x_wconf 86' lang='lat' dir='ltr'><strong><em>in</em></strong></span> <span class='ocrx_word' id='word_1_192' title='bbox 872 3886 921 3932; x_wconf 85' lang='lat' dir='ltr'><strong><em>me</em></strong></span> <span class='ocrx_word' id='word_1_193' title='bbox 946 3858 1176 3944; x_wconf 82' lang='lat' dir='ltr'><strong><em>excitandum,</em></strong></span> 
     </span>
    </p>
   </div>
   <div class='ocr_carea' id='block_1_3' title="bbox 0 0 1316 4620">
    <p class='ocr_par' dir='ltr' id='par_1_4' title="bbox 0 0 1316 4620">
     <span class='ocr_line' id='line_1_32' title="bbox 0 0 1316 4620; baseline 0 0"><span class='ocrx_word' id='word_1_194' title='bbox 0 0 1316 4620; x_wconf 95' lang='lat' dir='ltr'><strong><em> </em></strong></span> 
     </span>
    </p>
   </div>
  </div>
 </body>
</html>
