2602 4620
638 219 704 312 210

630 426 685 492 1v.

235 574 362 640 Contra
397 576 595 637 sententiam
629 567 853 653 Kriscbii,
899 566 1127 666 Forschungen

188 714 241 755 aus
274 687 348 753 dem
386 688 520 755 Gebiete
556 685 615 752 der
643 685 865 777 Philosophie,
900 711 933 774 p.
965 685 1004 751 12
1025 708 1128 773 sqq.,

187 808 449 873 Ciceronem
481 807 629 869 existimo
652 800 924 869 Aristotelio
950 824 1125 889 morepo-

188 942 347 1003 tissimnm
370 943 535 1024 spectasse
558 930 588 996 τὸ
614 925 792 1017 διαπορῆσαι
821 925 943 1012 καλῶς,
972 929 1127 994 rationem

185 1056 218 1118 in
242 1069 410 1141 utramque
433 1065 555 1140 pn1·tem
578 1042 771 1138 disputandi.

639 1246 679 1313 V.

230 1392 298 1459 Neo
330 1398 438 1458 minus
462 1416 483 1455 a
510 1388 590 1457 Viro
615 1387 666 1454 cl.
689 1389 752 1452 bac
775 1391 810 1451 in
828 1396 930 1476 parre
953 1387 1123 1470 dissentio,

185 1513 275 1604 qnod
307 1537 329 1576 a
360 1511 585 1577 Cicerone
619 1487 781 1596 displicem
813 1507 1125 1574 Aristotelium

183 1648 303 1688 morem
332 1629 368 1689 in
393 1628 526 1713 scriptis
547 1627 617 1688 suis
641 1644 829 1710 expressum
850 1645 917 1686 esse
940 1623 1020 1687 mibi
1037 1647 1122 1710 per-

182 1764 317 1805 suasum
340 1742 451 1806 babeo.

624 1937 680 2007 VI.

229 2084 486 2161 Strabonis,
511 2083 582 2146 Lib.
607 2080 691 2158 XIII,
720 2086 857 2176 p.⁴¹608‚
885 2087 949 2153 609
970 2084 1018 2176 (p.
1045 2090 1123 2162 906.

182 2196 244 2264 Ed.
269 2194 507 2284 Almelov.),
531 2199 1008 2266 narratiochristotelis
1028 2207 1119 2267 scri-

176 2324 313 2405 plorum
333 2314 443 2398 siclis,
483 2314 558 2377 licet
590 2337 630 2376 er
657 2325 759 2400 porte
776 2317 886 2401 stela,
919 2339 984 2379 non
1008 2327 1120 2383 tamon

182 2441 252 2495 iola
276 2430 458 2514 rry'rcierrcla
483 2431 623 2496 videtur.

612 2631 681 2697 VII.

225 2775 470 2840 Ciceronis
503 2775 757 2858 dubitationem,
792 2778 862 2842 Lib.
901 2779 942 2860 V,
981 2803 1009 2844 c.
1032 2784 1052 2846 5
1077 2777 1118 2844 de

178 2888 332 2970 Finibus,
368 2898 480 2953 ulrum
503 2889 771 2955 Aristotelis
794 2917 839 2956 on
863 2894 936 2978 ejus
944 2893 1023 2981 filei
1038 2895 1114 2960 Ni-

179 3003 417 3071 comachea
454 3005 607 3071 babendo
630 3011 722 3085 sint,
755 3011 888 3073 minione
922 3010 1115 3098 improban-

181 3120 257 3185 dam
282 3145 350 3186 esse
372 3131 493 3189 statuo.

614 3325 699 3392 VIII.

217 3473 251 3539 Α
287 3471 425 3540 Zellii
459 3483 489 3538 et
527 3469 954 3560 Madvigiisententio,
987 3477 1114 3546 Cice·

172 3613 331 3657 ronem
367 3595 402 3656 in
439 3588 599 3657 Laelio
635 3613 676 3656 ex
699 3591 1113 3662 AristotelisNico-

172 3729 206 3773 m
218 3734 235 3773 a
246 3734 264 3775 c
275 3706 329 3773 h‘c
342 3708 352 3770 i
366 3730 379 3772 s
403 3731 468 3773 non
488 3707 672 3796 profecisse
675 3707 905 3795 judicantrirm
918 3760 928 3798 ‚
952 3689 1112 3778 receden-

172 3820 249 3886 dum
272 3823 362 3891 deren.
