2602 4620
578 241 651 314 1932-
766 305 771 313 .

153 427 283 517 poribus
317 445 422 494 autem
460 432 561 495 omnis
585 411 878 516 abaneth-locus,
903 404 1092 498 ita³nniiotn

150 549 264 651 inane,
299 545 378 650 nihil
406 571 468 613 esse
503 545 704 615 individuum
724 534 852 640 potest⁰
872 546 948 636 (l);
973 546 1015 612 de
1038 535 1093 612 'at-

148 657 302 744 cleribus,
310 680 474 753 tanquam
498 665 703 730 animantium
721 661 846 729 sedibus
871 662 945 751 (Da
989 662 1089 744 „Ab-

145 778 281 886 surdum
307 801 371 843 esse
406 776 620 846 Aristoteli
656 777 804 860 videtur,
840 779 874 841 in
903 801 937 841 ea
973 793 1087 868 parte,

78 914 83 924 ·
145 914 226 981 qnae
258 895 298 958 sit
329 892 389 958 ad
403 892 560 1000 gignenda
592 893 732 960 animalia
766 892 962 985 aptissima,-
957 890 1086 957 animal

141 1011 226 1094 gigni
241 992 367 1076 nullurn
388 1027 512 1102 putare.
558 1008 667 1115 Sidera
689 1025 794 1074 autem
814 1007 995 1080 aethereum
1028 1007 1083 1072 lo·
1128 1019 1133 1026 '

141 1148 215 1190 enm
247 1119 431 1208 obtinent,
453 1127 509 1217 qni
545 1127 695 1216 quoniam
730 1124 925 1190 tenuissimus
942 1140 1010 1200 est,
1033 1138 1082 1196 at

137 1263 261 1329 semper
280 1241 434 1325 agitatur,
457 1256 490 1304 et
514 1242 617 1325 viget,
652 1226 773 1305 neeesse
796 1256 865 1322 est,
889 1237 978 1328 quod
1004 1240 1080 1309 nni·

138 1353 231 1418 mal
222 1379 255 1419 ιιι
279 1377 316 1421 eo
336 1356 503 1440 gignatur,
528 1341 560 1419 id
583 1374 614 1421 et
635 1377 726 1420 sensu
747 1355 918 1436 acerrimo,
948 1369 980 1419 et
1003 1374 1075 1420 mo·-

124 1467 254 1536 nilinte
275 1469 431 1537 celerrima
455 1492 527 1535 esse.
561 1471 671 1558 Quare
696 1494 769 1536 cum
791 1470 826 1533 in
847 1468 973 1534 aethere
996 1483 1076 1537 astra

133 1588 321 1671 gignantur,
345 1600 589 1650 consentaneum
611 1600 679 1666 est,
713 1585 746 1648 in
766 1585 801 1646 iis
825 1605 952 1648 sensum
974 1574 1073 1651 inesse

134 1716 165 1763 et
185 1697 441 1784 intelligentiam
467 1721 504 1763 ex
528 1723 594 1786 quo
617 1697 775 1780 efficitur,
796 1694 985 1762 in‘deorum
1006 1720 1072 1764 nn-

134 1819 222 1880 mero
256 1829 335 1878 astra
361 1836 426 1877 esse
446 1810 626 1879 ducenda”.
672 1813 740 1878 Nee
767 1810 839 1878 ideo
858 1799 1070 1892 contendam,

130 1931 368 1995 Ciceronem
392 1926 773 2018 Aristotelisphysiea
785 1929 913 2016 scripta,
925 1926 1068 1999 libellam

128 2043 169 2109 de
204 2043 477 2134 Xenophane,
514 2045 677 2109 Zenone
709 2059 740 2108 et
776 2042 945 2128 Gorgia,
968 2042 1065 2115 libros

126 2162 166 2226 de
176 2161 274 2226 anima
285 2159 410 2246 legisse,
434 2147 628 2246 quodetiam
649 2158 910 2244 Anaxagorae
929 2156 970 2223 de
990 2182 1064 2226 mo-

116 2294 161 2342 'tu
184 2275 253 2364 (3),
278 2272 542 2363 Xenophanis
565 2271 605 2338 de
628 2289 734 2338 mente
757 2269 828 2360 (4),
854 2273 1062 2340 Alcmaeo-

167 2447 206 2520 (ι)
229 2445 264 2519 aa
291 2445 337 2502 ιι.
381 2445 416 2521 o.
455 2444 476 2509 ι,
501 2443 552 2502 as.
574 2445 653 2504 nune
678 2445 792 2518 rocam,
826 2463 908 2521 qnam
930 2430 1063 2524 irreta-

123 2553 210 2612 telis
230 2553 392 2612 sententiam
419 2553 524 2612 referre
549 2567 644 2612 censet
673 2554 994 2632 Wgttenbachium
1025 2543 1060 2611 ex

122 2662 313 2722 Carneadis
354 2649 591 2740 disputationibus
610 2662 720 2722 ssnxisse
741 2664 799 2740 jani
826 2662 929 2722 dudum
953 2654 1059 2758 monuit

120 2777 303 2836 Davisius.
343 2777 447 2861 'Vulgo
479 2775 644 2853 interpretes
676 2775 791 2835 afferunt
830 2775 941 2836 Arist.
969 2775 1054 2854 Phys.

118 2889 202 2975 Auso.
238 2887 283 2954 ΙΙΙ,
324 2878 355 2976 6
401 2888 441 2963 (Ι)
478 2886 513 2946 de
543 2886 578 2944 N.
619 2887 655 2945 Ι).
696 2889 730 2961 ΙΙ,
764 2887 812 2962 15,
843 2884 1054 2965 Wyttenb'a-

117 2996 215 3057 anius
254 2996 334 3056 aren
360 2997 424 3077 ιι.
456 2996 491 3055 aa
516 2995 614 3056 cano.
643 2998 696 3056 or.
714 2977 883 3058 sisara.
900 2998 966 3057 aa.
983 2999 1006 3073 ι,
1020 3018 1051 3074 p.

117 3109 167 3182 ai,
198 3107 284 3166 rin.
311 3106 346 3166 aa
372 3105 448 3166 nac.
473 3085 545 3164 ran.
573 3108 605 3173 n,
630 3107 682 3184 ao,
709 3107 834 3174 stan,
863 3106 896 3173 ιι,
919 3127 948 3185 p.
979 3107 1049 3182 raa,

111 3212 162 3293 'qni
185 3217 257 3275 huna
276 3217 368 3275 locum
393 3236 407 3275 a
432 3201 622 3275 Cicerone
644 3235 679 3275 ox
706 3217 916 3279 Cleanthis
940 3217 1050 3296 seriptis

114 3327 226 3384 ductum
247 3342 308 3383 esse
334 3324 469 3400 opinatur.
516 3326 554 3400 (5)
577 3326 612 3384 de
641 3326 676 3384 N.
702 3327 737 3388 Ι).
759 3327 783 3402 Ι,
804 3327 917 3387 incr.
931 3327 1044 3387 Arist.

113 3435 197 3511 Phys.
227 3433 311 3491 Auso.
338 3431 411 3505 vlit,
446 3435 473 3507 Ι,
501 3431 635 3510 simpl.
647 3434 792 3494 inArist.
807 3435 891 3514 Phys.
908 3436 931 3510 1,
948 3434 997 3493 sol.
1014 3452 1044 3510 p.

112 3542 144 3602 6.
187 3541 228 3618 (Ι)
251 3540 286 3598 de
309 3540 346 3598 N.
374 3539 409 3598 Ι).
440 3540 460 3596 Ι.
487 3539 507 3596 Ι.
531 3540 585 3599 cr.
615 3542 729 3602 Arist.
755 3542 820 3602 Met.
844 3543 866 3615 1,
889 3542 919 3615 5,
937 3540 1045 3622 libellus

110 3652 146 3711 de
170 3649 278 3724 Xan,
308 3648 389 3708 Zon.
418 3661 447 3708 et
474 3648 585 3730 Gorg.
615 3669 643 3708 c.
673 3653 699 3717 Ι,
728 3635 1039 3730 Sinpr.inari'sr·.

109 3744 192 3841 rins,
235 3759 256 3817 Ι.
286 3759 307 3817 Ι.
348 3771 377 3818 et
403 3756 672 3843 Menaginsflarl
697 3759 804 3838 Diog.
834 3759 966 3840 Lairt.
993 3756 1040 3829 ΙΙΙ,

108 3882 176 3927 sect.
203 3866 250 3927 19.

903 3980 942 4043 13
