<?xml version="1.0" encoding="UTF-8"?>
<!DOCTYPE html PUBLIC "-//W3C//DTD XHTML 1.0 Transitional//EN"
    "http://www.w3.org/TR/xhtml1/DTD/xhtml1-transitional.dtd">
<html xmlns="http://www.w3.org/1999/xhtml" xml:lang="en" lang="en">
 <head>
  <title>
</title>
<meta http-equiv="Content-Type" content="text/html;charset=utf-8" />
  <meta name='ocr-system' content='tesseract 3.04.00' />
  <meta name='ocr-capabilities' content='ocr_page ocr_carea ocr_par ocr_line ocrx_word'/>
</head>
<body>
  <div class='ocr_page' id='page_1' title='image "./disquisitiocrit00baumgoog_0033.png"; bbox 0 0 2602 4620; ppageno 0'>
   <div class='ocr_carea' id='block_1_1' title="bbox 643 284 681 349">
    <p class='ocr_par' dir='ltr' id='par_1_1' title="bbox 643 284 681 349">
     <span class='ocr_line' id='line_1_1' title="bbox 643 284 681 349; baseline 0.053 -2"><span class='ocrx_word' id='word_1_1' title='bbox 643 284 681 349; x_wconf 86' lang='lat'><strong>10</strong></span> 
     </span>
    </p>
   </div>
   <div class='ocr_carea' id='block_1_2' title="bbox 180 465 1132 2540">
    <p class='ocr_par' dir='ltr' id='par_1_2' title="bbox 189 465 1132 904">
     <span class='ocr_line' id='line_1_2' title="bbox 192 465 1132 559; baseline -0.007 -21"><span class='ocrx_word' id='word_1_2' title='bbox 192 466 276 557; x_wconf 80' lang='lat' dir='ltr'><strong>vulgi</strong></span> <span class='ocrx_word' id='word_1_3' title='bbox 311 493 404 537; x_wconf 91' lang='lat' dir='ltr'><strong>usum</strong></span> <span class='ocrx_word' id='word_1_4' title='bbox 433 469 609 559; x_wconf 88' lang='lat' dir='ltr'><strong>conscripta</strong></span> <span class='ocrx_word' id='word_1_5' title='bbox 641 465 735 532; x_wconf 83' lang='lat' dir='ltr'><strong>fuisse</strong></span> <span class='ocrx_word' id='word_1_6' title='bbox 756 479 907 546; x_wconf 84' lang='lat' dir='ltr'><strong>monent,</strong></span> <span class='ocrx_word' id='word_1_7' title='bbox 939 480 971 529; x_wconf 89' lang='lat' dir='ltr'><strong>et</strong></span> <span class='ocrx_word' id='word_1_8' title='bbox 1001 480 1132 542; x_wconf 64' lang='lat' dir='ltr'><strong>utram:</strong></span> 
     </span>
     <span class='ocr_line' id='line_1_3' title="bbox 191 578 1126 676; baseline -0.006 -23"><span class='ocrx_word' id='word_1_9' title='bbox 191 611 254 676; x_wconf 89' lang='lat' dir='ltr'><strong>que</strong></span> <span class='ocrx_word' id='word_1_10' title='bbox 293 584 528 653; x_wconf 78' lang='lat' dir='ltr'><strong>distinctionem</strong></span> <span class='ocrx_word' id='word_1_11' title='bbox 574 581 852 649; x_wconf 85' lang='lat' dir='ltr'><strong>Themistius</strong></span> <span class='ocrx_word' id='word_1_12' title='bbox 889 578 937 667; x_wconf 86' lang='lat' dir='ltr'><strong>(l)</strong></span> <span class='ocrx_word' id='word_1_13' title='bbox 995 605 1126 671; x_wconf 88' lang='lat' dir='ltr'><strong>quoque</strong></span> 
     </span>
     <span class='ocr_line' id='line_1_4' title="bbox 189 694 1123 790; baseline -0.006 -23"><span class='ocrx_word' id='word_1_14' title='bbox 189 719 222 767; x_wconf 90' lang='lat' dir='ltr'><strong>et</strong></span> <span class='ocrx_word' id='word_1_15' title='bbox 246 701 521 790; x_wconf 88' lang='lat' dir='ltr'><strong>Lucianus(2),</strong></span> <span class='ocrx_word' id='word_1_16' title='bbox 544 699 598 766; x_wconf 90' lang='lat' dir='ltr'><strong>hic</strong></span> <span class='ocrx_word' id='word_1_17' title='bbox 621 695 751 788; x_wconf 90' lang='lat' dir='ltr'><strong>quidem</strong></span> <span class='ocrx_word' id='word_1_18' title='bbox 772 694 880 763; x_wconf 85' lang='lat' dir='ltr'><strong>leviter</strong></span> <span class='ocrx_word' id='word_1_19' title='bbox 901 711 1035 778; x_wconf 89' lang='lat' dir='ltr'><strong>tantum,</strong></span> <span class='ocrx_word' id='word_1_20' title='bbox 1070 714 1123 761; x_wconf 86' lang='lat' dir='ltr'><strong>at-</strong></span> 
     </span>
     <span class='ocr_line' id='line_1_5' title="bbox 189 818 327 904; baseline 0.014 -22"><span class='ocrx_word' id='word_1_21' title='bbox 189 818 327 904; x_wconf 80' lang='lat' dir='ltr'><strong>tingunt.</strong></span> 
     </span>
    </p>

    <p class='ocr_par' dir='ltr' id='par_1_3' title="bbox 184 929 1122 1953">
     <span class='ocr_line' id='line_1_6' title="bbox 230 929 1121 1020; baseline -0.007 -20"><span class='ocrx_word' id='word_1_22' title='bbox 230 933 281 999; x_wconf 77' lang='lat' dir='ltr'><strong>Ex</strong></span> <span class='ocrx_word' id='word_1_23' title='bbox 303 929 572 1000; x_wconf 84' lang='lat' dir='ltr'><strong>Aristotelis</strong></span> <span class='ocrx_word' id='word_1_24' title='bbox 596 931 788 1020; x_wconf 89' lang='lat' dir='ltr'><strong>scriptorum</strong></span> <span class='ocrx_word' id='word_1_25' title='bbox 811 930 1121 1012; x_wconf 87' lang='lat' dir='ltr'><strong>commentatoribus,</strong></span> 
     </span>
     <span class='ocr_line' id='line_1_7' title="bbox 188 1045 1122 1140; baseline -0.001 -25"><span class='ocrx_word' id='word_1_26' title='bbox 188 1071 325 1140; x_wconf 83' lang='lat' dir='ltr'><strong>quorum</strong></span> <span class='ocrx_word' id='word_1_27' title='bbox 346 1049 532 1139; x_wconf 88' lang='lat' dir='ltr'><strong>praecipuos</strong></span> <span class='ocrx_word' id='word_1_28' title='bbox 552 1049 621 1134; x_wconf 84' lang='lat' dir='ltr'><strong>jam</strong></span> <span class='ocrx_word' id='word_1_29' title='bbox 642 1045 784 1127; x_wconf 85' lang='lat' dir='ltr'><strong>laudavi,</strong></span> <span class='ocrx_word' id='word_1_30' title='bbox 811 1047 1018 1138; x_wconf 81' lang='lat' dir='ltr'><strong>praetermitti</strong></span> <span class='ocrx_word' id='word_1_31' title='bbox 1043 1069 1122 1138; x_wconf 85' lang='lat' dir='ltr'><strong>pos·</strong></span> 
     </span>
     <span class='ocr_line' id='line_1_8' title="bbox 188 1158 1121 1254; baseline -0.005 -24"><span class='ocrx_word' id='word_1_32' title='bbox 188 1180 263 1230; x_wconf 89' lang='lat' dir='ltr'><strong>sunt</strong></span> <span class='ocrx_word' id='word_1_33' title='bbox 281 1178 389 1229; x_wconf 84' lang='lat' dir='ltr'><strong>auctor</strong></span> <span class='ocrx_word' id='word_1_34' title='bbox 417 1163 641 1254; x_wconf 86' lang='lat' dir='ltr'><strong>Paraphraseos</strong></span> <span class='ocrx_word' id='word_1_35' title='bbox 663 1161 711 1251; x_wconf 92' lang='grc'><strong>(3)</strong></span> <span class='ocrx_word' id='word_1_36' title='bbox 743 1161 782 1228; x_wconf 92' lang='lat' dir='ltr'><strong>ad</strong></span> <span class='ocrx_word' id='word_1_37' title='bbox 814 1163 995 1229; x_wconf 83' lang='lat' dir='ltr'><strong>Nicoma</strong></span> <span class='ocrx_word' id='word_1_38' title='bbox 1010 1158 1121 1228; x_wconf 87' lang='lat' dir='ltr'><strong>chea</strong></span> 
     </span>
     <span class='ocr_line' id='line_1_9' title="bbox 187 1279 1120 1371; baseline -0.009 -21"><span class='ocrx_word' id='word_1_39' title='bbox 187 1300 220 1350; x_wconf 86' lang='lat' dir='ltr'><strong>ct</strong></span> <span class='ocrx_word' id='word_1_40' title='bbox 241 1281 461 1349; x_wconf 88' lang='lat' dir='ltr'><strong>Eustratii</strong></span> <span class='ocrx_word' id='word_1_41' title='bbox 481 1280 529 1367; x_wconf 80' lang='lat'><strong>(4)</strong></span> <span class='ocrx_word' id='word_1_42' title='bbox 553 1279 620 1347; x_wconf 91' lang='lat' dir='ltr'><strong>loca</strong></span> <span class='ocrx_word' id='word_1_43' title='bbox 632 1282 691 1346; x_wconf 89' lang='lat' dir='ltr'><strong>sibi</strong></span> <span class='ocrx_word' id='word_1_44' title='bbox 718 1280 936 1371; x_wconf 85' lang='lat' dir='ltr'><strong>repugnantia.</strong></span> <span class='ocrx_word' id='word_1_45' title='bbox 970 1280 1120 1345; x_wconf 89' lang='lat' dir='ltr'><strong>Ceterum</strong></span> 
     </span>
     <span class='ocr_line' id='line_1_10' title="bbox 188 1395 1120 1485; baseline -0.004 -22"><span class='ocrx_word' id='word_1_46' title='bbox 188 1396 230 1463; x_wconf 90' lang='lat' dir='ltr'><strong>de</strong></span> <span class='ocrx_word' id='word_1_47' title='bbox 254 1396 342 1464; x_wconf 85' lang='lat' dir='ltr'><strong>variis</strong></span> <span class='ocrx_word' id='word_1_48' title='bbox 363 1395 412 1462; x_wconf 90' lang='lat' dir='ltr'><strong>his</strong></span> <span class='ocrx_word' id='word_1_49' title='bbox 436 1396 637 1479; x_wconf 85' lang='lat' dir='ltr'><strong>testimoniis,</strong></span> <span class='ocrx_word' id='word_1_50' title='bbox 672 1419 772 1485; x_wconf 86' lang='lat' dir='ltr'><strong>quae,</strong></span> <span class='ocrx_word' id='word_1_51' title='bbox 809 1419 850 1461; x_wconf 92' lang='lat' dir='ltr'><strong>ne</strong></span> <span class='ocrx_word' id='word_1_52' title='bbox 881 1397 921 1461; x_wconf 87' lang='lat' dir='ltr'><strong>ab</strong></span> <span class='ocrx_word' id='word_1_53' title='bbox 945 1395 1120 1482; x_wconf 85' lang='lat' dir='ltr'><strong>argumenti</strong></span> 
     </span>
     <span class='ocr_line' id='line_1_11' title="bbox 186 1509 1119 1593; baseline -0.002 -15"><span class='ocrx_word' id='word_1_54' title='bbox 186 1513 284 1580; x_wconf 89' lang='lat' dir='ltr'><strong>nostri</strong></span> <span class='ocrx_word' id='word_1_55' title='bbox 315 1509 434 1577; x_wconf 88' lang='lat' dir='ltr'><strong>finibus</strong></span> <span class='ocrx_word' id='word_1_56' title='bbox 466 1512 560 1577; x_wconf 89' lang='lat' dir='ltr'><strong>nimis</strong></span> <span class='ocrx_word' id='word_1_57' title='bbox 589 1511 790 1593; x_wconf 84' lang='lat' dir='ltr'><strong>recedamus,</strong></span> <span class='ocrx_word' id='word_1_58' title='bbox 825 1513 961 1579; x_wconf 90' lang='lat' dir='ltr'><strong>strictim</strong></span> <span class='ocrx_word' id='word_1_59' title='bbox 997 1526 1119 1577; x_wconf 87' lang='lat' dir='ltr'><strong>tantum</strong></span> 
     </span>
     <span class='ocr_line' id='line_1_12' title="bbox 188 1627 1118 1720; baseline -0.002 -25"><span class='ocrx_word' id='word_1_60' title='bbox 188 1629 362 1716; x_wconf 83' lang='lat' dir='ltr'><strong>attigimus,</strong></span> <span class='ocrx_word' id='word_1_61' title='bbox 384 1630 441 1720; x_wconf 89' lang='lat' dir='ltr'><strong>qui</strong></span> <span class='ocrx_word' id='word_1_62' title='bbox 460 1627 552 1719; x_wconf 88' lang='lat' dir='ltr'><strong>plura</strong></span> <span class='ocrx_word' id='word_1_63' title='bbox 568 1651 698 1696; x_wconf 89' lang='lat' dir='ltr'><strong>noscere</strong></span> <span class='ocrx_word' id='word_1_64' title='bbox 722 1630 877 1720; x_wconf 88' lang='lat' dir='ltr'><strong>cupiunt,</strong></span> <span class='ocrx_word' id='word_1_65' title='bbox 891 1629 926 1695; x_wconf 87' lang='lat' dir='ltr'><strong>iis</strong></span> <span class='ocrx_word' id='word_1_66' title='bbox 952 1652 1118 1696; x_wconf 87' lang='lat' dir='ltr'><strong>commen-</strong></span> 
     </span>
     <span class='ocr_line' id='line_1_13' title="bbox 186 1744 1118 1838; baseline 0.001 -26"><span class='ocrx_word' id='word_1_67' title='bbox 186 1744 228 1815; x_wconf 92' lang='lat' dir='ltr'><strong>do</strong></span> <span class='ocrx_word' id='word_1_68' title='bbox 257 1747 444 1838; x_wconf 85' lang='lat' dir='ltr'><strong>exquisitam</strong></span> <span class='ocrx_word' id='word_1_69' title='bbox 483 1744 524 1813; x_wconf 90' lang='lat' dir='ltr'><strong>de</strong></span> <span class='ocrx_word' id='word_1_70' title='bbox 555 1747 618 1816; x_wconf 87' lang='lat' dir='ltr'><strong>hoc</strong></span> <span class='ocrx_word' id='word_1_71' title='bbox 651 1762 835 1834; x_wconf 84' lang='lat' dir='ltr'><strong>argumento</strong></span> <span class='ocrx_word' id='word_1_72' title='bbox 868 1746 1046 1814; x_wconf 85' lang='lat' dir='ltr'><strong>Stahrii</strong></span> <span class='ocrx_word' id='word_1_73' title='bbox 1071 1745 1118 1833; x_wconf 82' lang='grc'><strong>(5)</strong></span> 
     </span>
     <span class='ocr_line' id='line_1_14' title="bbox 184 1839 1044 1953; baseline 0 -25"><span class='ocrx_word' id='word_1_74' title='bbox 184 1861 444 1953; x_wconf 85' lang='lat' dir='ltr'><strong>disquisitionem.</strong></span> <span class='ocrx_word' id='word_1_75' title='bbox 1041 1839 1044 1843; x_wconf 17' lang='grc' dir='ltr'>Ι</span> 
     </span>
    </p>

    <p class='ocr_par' dir='ltr' id='par_1_4' title="bbox 180 1977 1119 2420">
     <span class='ocr_line' id='line_1_15' title="bbox 230 1977 1119 2071; baseline 0 -27"><span class='ocrx_word' id='word_1_76' title='bbox 230 1979 292 2044; x_wconf 86' lang='lat' dir='ltr'><strong>Has</strong></span> <span class='ocrx_word' id='word_1_77' title='bbox 316 1980 500 2069; x_wconf 86' lang='lat' dir='ltr'><strong>opiniones,</strong></span> <span class='ocrx_word' id='word_1_78' title='bbox 531 1981 648 2071; x_wconf 88' lang='lat' dir='ltr'><strong>partim</strong></span> <span class='ocrx_word' id='word_1_79' title='bbox 683 2003 720 2046; x_wconf 84' lang='lat' dir='ltr'><strong>ex</strong></span> <span class='ocrx_word' id='word_1_80' title='bbox 746 1980 818 2070; x_wconf 89' lang='lat' dir='ltr'><strong>ipsis</strong></span> <span class='ocrx_word' id='word_1_81' title='bbox 842 1977 1119 2046; x_wconf 82' lang='lat' dir='ltr'><strong>Aristotelis</strong></span> 
     </span>
     <span class='ocr_line' id='line_1_16' title="bbox 183 2093 1118 2188; baseline 0.001 -28"><span class='ocrx_word' id='word_1_82' title='bbox 183 2093 330 2184; x_wconf 84' lang='lat' dir='ltr'><strong>scriptis,</strong></span> <span class='ocrx_word' id='word_1_83' title='bbox 364 2095 480 2183; x_wconf 88' lang='lat' dir='ltr'><strong>partim</strong></span> <span class='ocrx_word' id='word_1_84' title='bbox 512 2118 550 2161; x_wconf 85' lang='lat' dir='ltr'><strong>ex</strong></span> <span class='ocrx_word' id='word_1_85' title='bbox 575 2097 786 2163; x_wconf 87' lang='lat' dir='ltr'><strong>recentiorum</strong></span> <span class='ocrx_word' id='word_1_86' title='bbox 820 2094 1118 2188; x_wconf 84' lang='lat' dir='ltr'><strong>disquisitionibus,</strong></span> 
     </span>
     <span class='ocr_line' id='line_1_17' title="bbox 182 2209 1116 2297; baseline 0.003 -21"><span class='ocrx_word' id='word_1_87' title='bbox 182 2209 230 2277; x_wconf 84' lang='lat' dir='ltr'><strong>vei</strong></span> <span class='ocrx_word' id='word_1_88' title='bbox 242 2210 396 2295; x_wconf 86' lang='lat' dir='ltr'><strong>refutare,</strong></span> <span class='ocrx_word' id='word_1_89' title='bbox 409 2209 458 2278; x_wconf 88' lang='lat' dir='ltr'><strong>vel</strong></span> <span class='ocrx_word' id='word_1_90' title='bbox 480 2212 563 2278; x_wconf 91' lang='lat' dir='ltr'><strong>inter</strong></span> <span class='ocrx_word' id='word_1_91' title='bbox 576 2213 618 2280; x_wconf 80' lang='lat' dir='ltr'><strong>&#39;se</strong></span> <span class='ocrx_word' id='word_1_92' title='bbox 639 2214 823 2297; x_wconf 85' lang='lat' dir='ltr'><strong>conciliare,</strong></span> <span class='ocrx_word' id='word_1_93' title='bbox 847 2211 969 2280; x_wconf 90' lang='lat' dir='ltr'><strong>studuit</strong></span> <span class='ocrx_word' id='word_1_94' title='bbox 987 2214 1060 2282; x_wconf 87' lang='lat' dir='ltr'><strong>Sta</strong></span> <span class='ocrx_word' id='word_1_95' title='bbox 1071 2214 1116 2279; x_wconf 87' lang='lat' dir='ltr'><strong>h-</strong></span> 
     </span>
     <span class='ocr_line' id='line_1_18' title="bbox 180 2325 1115 2420; baseline 0.007 -27"><span class='ocrx_word' id='word_1_96' title='bbox 180 2328 289 2402; x_wconf 79' lang='lat' dir='ltr'><strong>rius.</strong></span> <span class='ocrx_word' id='word_1_97' title='bbox 308 2329 397 2414; x_wconf 88' lang='lat' dir='ltr'><strong>cujus</strong></span> <span class='ocrx_word' id='word_1_98' title='bbox 415 2325 635 2418; x_wconf 85' lang='lat' dir='ltr'><strong>disputationis</strong></span> <span class='ocrx_word' id='word_1_99' title='bbox 657 2353 777 2398; x_wconf 88' lang='lat' dir='ltr'><strong>summa</strong></span> <span class='ocrx_word' id='word_1_100' title='bbox 797 2330 874 2399; x_wconf 89' lang='lat' dir='ltr'><strong>haec</strong></span> <span class='ocrx_word' id='word_1_101' title='bbox 895 2330 1115 2420; x_wconf 69' lang='lat' dir='ltr'><strong>esselridetur.</strong></span> 
     </span>
    </p>

    <p class='ocr_par' dir='ltr' id='par_1_5' title="bbox 224 2443 1114 2540">
     <span class='ocr_line' id='line_1_19' title="bbox 224 2443 1114 2540; baseline 0.007 -31"><span class='ocrx_word' id='word_1_102' title='bbox 224 2443 390 2533; x_wconf 83' lang='lat' dir='ltr'><strong>Nusquam</strong></span> <span class='ocrx_word' id='word_1_103' title='bbox 410 2443 444 2509; x_wconf 93' lang='lat' dir='ltr'><strong>in</strong></span> <span class='ocrx_word' id='word_1_104' title='bbox 469 2444 751 2513; x_wconf 84' lang='lat' dir='ltr'><strong>Aristotelis</strong></span> <span class='ocrx_word' id='word_1_105' title='bbox 779 2449 905 2537; x_wconf 86' lang='lat' dir='ltr'><strong>scriptis</strong></span> <span class='ocrx_word' id='word_1_106' title='bbox 926 2447 1114 2540; x_wconf 83' lang='lat' dir='ltr'><strong>appellatio·</strong></span> 
     </span>
    </p>
   </div>
   <div class='ocr_carea' id='block_1_3' title="bbox 181 2566 1115 2663">
    <p class='ocr_par' dir='ltr' id='par_1_6' title="bbox 181 2566 1115 2663">
     <span class='ocr_line' id='line_1_20' title="bbox 181 2566 1115 2663; baseline 0.006 -32"><span class='ocrx_word' id='word_1_107' title='bbox 181 2588 256 2632; x_wconf 90' lang='lat' dir='ltr'><strong>nem</strong></span> <span class='ocrx_word' id='word_1_108' title='bbox 293 2566 391 2656; x_wconf 72' lang='grc' dir='ltr'><strong><em>λόγους</em></strong></span> <span class='ocrx_word' id='word_1_109' title='bbox 416 2567 597 2659; x_wconf 82' lang='grc' dir='ltr'>ἑσωτερικοὺς</span> <span class='ocrx_word' id='word_1_110' title='bbox 630 2569 678 2660; x_wconf 92' lang='grc'><strong>(6)</strong></span> <span class='ocrx_word' id='word_1_111' title='bbox 722 2571 915 2660; x_wconf 83' lang='lat' dir='ltr'><strong>reperimus3</strong></span> <span class='ocrx_word' id='word_1_112' title='bbox 956 2570 1115 2663; x_wconf 63' lang='grc' dir='ltr'><strong><em>ἐξωτερικαὶ</em></strong></span> 
     </span>
    </p>
   </div>
   <div class='ocr_carea' id='block_1_4' title="bbox 46 2900 1111 3208">
    <p class='ocr_par' dir='ltr' id='par_1_7' title="bbox 46 2900 1111 3208">
     <span class='ocr_line' id='line_1_21' title="bbox 46 2900 1111 2995; baseline 0.019 -39"><span class='ocrx_word' id='word_1_113' title='bbox 46 2928 51 2938; x_wconf 87' lang='grc'><strong><em>·</em></strong></span> <span class='ocrx_word' id='word_1_114' title='bbox 177 2900 271 2959; x_wconf 90' lang='lat' dir='ltr'><strong>laudat</strong></span> <span class='ocrx_word' id='word_1_115' title='bbox 285 2901 359 2962; x_wconf 87' lang='lat' dir='ltr'><strong>Gal.</strong></span> <span class='ocrx_word' id='word_1_116' title='bbox 377 2905 412 2966; x_wconf 89' lang='lat' dir='ltr'><strong>de</strong></span> <span class='ocrx_word' id='word_1_117' title='bbox 432 2904 487 2966; x_wconf 85' lang='lat' dir='ltr'><strong>sac.</strong></span> <span class='ocrx_word' id='word_1_118' title='bbox 505 2921 564 2968; x_wconf 86' lang='lat' dir='ltr'><strong>nat.</strong></span> <span class='ocrx_word' id='word_1_119' title='bbox 580 2909 603 2976; x_wconf 88' lang='lat'><strong>1,</strong></span> <span class='ocrx_word' id='word_1_120' title='bbox 619 2929 649 2988; x_wconf 88' lang='lat' dir='ltr'><strong>p.</strong></span> <span class='ocrx_word' id='word_1_121' title='bbox 663 2909 714 2971; x_wconf 86' lang='lat'><strong>80.</strong></span> <span class='ocrx_word' id='word_1_122' title='bbox 731 2913 808 2972; x_wconf 83' lang='lat' dir='ltr'><strong>Bas.</strong></span> <span class='ocrx_word' id='word_1_123' title='bbox 853 2915 893 2991; x_wconf 80' lang='lat' dir='ltr'><strong>(t)</strong></span> <span class='ocrx_word' id='word_1_124' title='bbox 915 2915 994 2974; x_wconf 87' lang='lat' dir='ltr'><strong>Orat.</strong></span> <span class='ocrx_word' id='word_1_125' title='bbox 1011 2917 1111 2995; x_wconf 83' lang='lat' dir='ltr'><strong>XXVI,</strong></span> 
     </span>
     <span class='ocr_line' id='line_1_22' title="bbox 176 3008 1111 3100; baseline 0.021 -36"><span class='ocrx_word' id='word_1_126' title='bbox 176 3026 208 3085; x_wconf 83' lang='lat' dir='ltr'><strong>p.</strong></span> <span class='ocrx_word' id='word_1_127' title='bbox 225 3008 296 3067; x_wconf 74' lang='lat' dir='ltr'><strong>tto.</strong></span> <span class='ocrx_word' id='word_1_128' title='bbox 341 3010 375 3070; x_wconf 88' lang='grc' dir='ltr'><strong>Β.</strong></span> <span class='ocrx_word' id='word_1_129' title='bbox 402 3030 464 3091; x_wconf 85' lang='lat' dir='ltr'><strong>sqq.</strong></span> <span class='ocrx_word' id='word_1_130' title='bbox 490 3014 543 3075; x_wconf 85' lang='lat' dir='ltr'><strong>Ed.</strong></span> <span class='ocrx_word' id='word_1_131' title='bbox 567 3016 676 3077; x_wconf 87' lang='lat' dir='ltr'><strong>Hard.</strong></span> <span class='ocrx_word' id='word_1_132' title='bbox 707 3017 753 3078; x_wconf 82' lang='lat' dir='ltr'><strong>Cf.</strong></span> <span class='ocrx_word' id='word_1_133' title='bbox 785 3019 891 3100; x_wconf 86' lang='lat' dir='ltr'><strong>Wytt.</strong></span> <span class='ocrx_word' id='word_1_134' title='bbox 921 3022 1019 3083; x_wconf 87' lang='lat' dir='ltr'><strong>Praec.</strong></span> <span class='ocrx_word' id='word_1_135' title='bbox 1039 3025 1111 3084; x_wconf 87' lang='lat' dir='ltr'><strong>Phil.</strong></span> 
     </span>
     <span class='ocr_line' id='line_1_23' title="bbox 175 3117 1111 3208; baseline 0.022 -33"><span class='ocrx_word' id='word_1_136' title='bbox 175 3117 244 3195; x_wconf 73' lang='lat' dir='ltr'><strong>Log.</strong></span> <span class='ocrx_word' id='word_1_137' title='bbox 264 3139 292 3196; x_wconf 85' lang='lat' dir='ltr'><strong>p.</strong></span> <span class='ocrx_word' id='word_1_138' title='bbox 318 3120 370 3181; x_wconf 79' lang='lat'><strong>97.</strong></span> <span class='ocrx_word' id='word_1_139' title='bbox 415 3124 455 3200; x_wconf 69' lang='lat'><strong>(2)</strong></span> <span class='ocrx_word' id='word_1_140' title='bbox 485 3125 630 3188; x_wconf 83' lang='lat' dir='ltr'><strong>Vitauct.</strong></span> <span class='ocrx_word' id='word_1_141' title='bbox 661 3128 696 3187; x_wconf 86' lang='lat' dir='ltr'><strong>V.</strong></span> <span class='ocrx_word' id='word_1_142' title='bbox 723 3129 747 3187; x_wconf 91' lang='lat'><strong>1.</strong></span> <span class='ocrx_word' id='word_1_143' title='bbox 771 3149 800 3208; x_wconf 85' lang='lat' dir='ltr'><strong>p.</strong></span> <span class='ocrx_word' id='word_1_144' title='bbox 819 3130 890 3191; x_wconf 81' lang='lat'><strong>566.</strong></span> <span class='ocrx_word' id='word_1_145' title='bbox 908 3132 963 3193; x_wconf 88' lang='lat' dir='ltr'><strong>Ed.</strong></span> <span class='ocrx_word' id='word_1_146' title='bbox 990 3135 1111 3196; x_wconf 85' lang='lat' dir='ltr'><strong>Reita.</strong></span> 
     </span>
    </p>
   </div>
   <div class='ocr_carea' id='block_1_5' title="bbox 167 3223 1113 3317">
    <p class='ocr_par' dir='ltr' id='par_1_8' title="bbox 167 3223 1113 3317">
     <span class='ocr_line' id='line_1_24' title="bbox 167 3223 1113 3317; baseline 0.023 -33"><span class='ocrx_word' id='word_1_147' title='bbox 167 3223 264 3294; x_wconf 68' lang='grc' dir='ltr'><strong>’Ἄλλος</strong></span> <span class='ocrx_word' id='word_1_148' title='bbox 280 3233 325 3306; x_wconf 75' lang='grc' dir='ltr'><strong>μὲν</strong></span> <span class='ocrx_word' id='word_1_149' title='bbox 346 3233 479 3294; x_wconf 59' lang='lat' dir='ltr'><strong>&#39;circades</strong></span> <span class='ocrx_word' id='word_1_150' title='bbox 499 3242 667 3317; x_wconf 72' lang='grc' dir='ltr'>φαινόμενος,</span> <span class='ocrx_word' id='word_1_151' title='bbox 694 3240 772 3306; x_wconf 74' lang='grc' dir='ltr'>ἄλλος</span> <span class='ocrx_word' id='word_1_152' title='bbox 793 3244 822 3301; x_wconf 77' lang='lat' dir='ltr'><strong>di</strong></span> <span class='ocrx_word' id='word_1_153' title='bbox 842 3244 970 3303; x_wconf 67' lang='grc' dir='ltr'><strong>ὀἔντοθεν</strong></span> <span class='ocrx_word' id='word_1_154' title='bbox 990 3245 1055 3305; x_wconf 79' lang='grc' dir='ltr'>εἶναι</span> <span class='ocrx_word' id='word_1_155' title='bbox 1069 3250 1113 3306; x_wconf 80' lang='lat' dir='ltr'><strong>do·</strong></span> 
     </span>
    </p>
   </div>
   <div class='ocr_carea' id='block_1_6' title="bbox 173 3339 1113 3868">
    <p class='ocr_par' dir='ltr' id='par_1_9' title="bbox 173 3339 1113 3868">
     <span class='ocr_line' id='line_1_25' title="bbox 173 3339 1112 3430; baseline 0.023 -39"><span class='ocrx_word' id='word_1_156' title='bbox 173 3345 232 3404; x_wconf 76' lang='grc' dir='ltr'><strong>κεῖ,</strong></span> <span class='ocrx_word' id='word_1_157' title='bbox 272 3339 357 3405; x_wconf 57' lang='lat' dir='ltr'><strong>sinin</strong></span> <span class='ocrx_word' id='word_1_158' title='bbox 376 3348 437 3423; x_wconf 75' lang='grc' dir='ltr'><strong>πρίῃ</strong></span> <span class='ocrx_word' id='word_1_159' title='bbox 459 3345 558 3416; x_wconf 76' lang='grc' dir='ltr'><strong>αὐτὸν,</strong></span> <span class='ocrx_word' id='word_1_160' title='bbox 589 3352 724 3424; x_wconf 74' lang='grc' dir='ltr'><strong>μέμνησο,</strong></span> <span class='ocrx_word' id='word_1_161' title='bbox 746 3350 790 3406; x_wconf 80' lang='grc' dir='ltr'><strong>τὸν</strong></span> <span class='ocrx_word' id='word_1_162' title='bbox 810 3351 856 3428; x_wconf 76' lang='grc' dir='ltr'><strong>μὲν</strong></span> <span class='ocrx_word' id='word_1_163' title='bbox 876 3356 1047 3430; x_wconf 76' lang='grc' dir='ltr'><strong>ἐσωτερικὸν,</strong></span> <span class='ocrx_word' id='word_1_164' title='bbox 1069 3357 1112 3412; x_wconf 81' lang='grc' dir='ltr'><strong>τὸν</strong></span> 
     </span>
     <span class='ocr_line' id='line_1_26' title="bbox 173 3443 1113 3528; baseline 0.02 -27"><span class='ocrx_word' id='word_1_165' title='bbox 173 3443 204 3502; x_wconf 76' lang='lat' dir='ltr'><strong>di</strong></span> <span class='ocrx_word' id='word_1_166' title='bbox 222 3444 369 3523; x_wconf 68' lang='grc' dir='ltr'><strong><em>ἕξωτερικὸν</em></strong></span> <span class='ocrx_word' id='word_1_167' title='bbox 390 3452 486 3509; x_wconf 71' lang='grc' dir='ltr'><strong>καλεῖν.</strong></span> <span class='ocrx_word' id='word_1_168' title='bbox 509 3451 549 3528; x_wconf 78' lang='grc'><strong>(5)</strong></span> <span class='ocrx_word' id='word_1_169' title='bbox 574 3450 704 3512; x_wconf 72' lang='lat' dir='ltr'><strong>Andr.</strong></span> <span class='ocrx_word' id='word_1_170' title='bbox 735 3453 868 3515; x_wconf 83' lang='lat' dir='ltr'><strong>Rhod.</strong></span> <span class='ocrx_word' id='word_1_171' title='bbox 897 3459 962 3519; x_wconf 77' lang='lat' dir='ltr'><strong>Par.</strong></span> <span class='ocrx_word' id='word_1_172' title='bbox 987 3459 1051 3520; x_wconf 80' lang='lat' dir='ltr'><strong>Eth.</strong></span> <span class='ocrx_word' id='word_1_173' title='bbox 1077 3464 1113 3520; x_wconf 78' lang='lat' dir='ltr'><strong>nd</strong></span> 
     </span>
     <span class='ocr_line' id='line_1_27' title="bbox 173 3544 1110 3647; baseline 0.022 -39"><span class='ocrx_word' id='word_1_174' title='bbox 173 3546 250 3609; x_wconf 67' lang='lat' dir='ltr'><strong>ura.</strong></span> <span class='ocrx_word' id='word_1_175' title='bbox 267 3551 289 3626; x_wconf 87' lang='lat' dir='ltr'><strong>r,</strong></span> <span class='ocrx_word' id='word_1_176' title='bbox 315 3553 364 3630; x_wconf 78' lang='lat' dir='ltr'><strong>aa,</strong></span> <span class='ocrx_word' id='word_1_177' title='bbox 388 3551 465 3635; x_wconf 73' lang='lat' dir='ltr'><strong>§.a</strong></span> <span class='ocrx_word' id='word_1_178' title='bbox 511 3559 550 3636; x_wconf 77' lang='lat' dir='ltr'><strong>(a)</strong></span> <span class='ocrx_word' id='word_1_179' title='bbox 576 3561 611 3620; x_wconf 73' lang='lat' dir='ltr'><strong>aa</strong></span> <span class='ocrx_word' id='word_1_180' title='bbox 639 3544 750 3622; x_wconf 67' lang='lat' dir='ltr'><strong>tarsa.</strong></span> <span class='ocrx_word' id='word_1_181' title='bbox 774 3564 837 3625; x_wconf 73' lang='lat' dir='ltr'><strong>nrt.</strong></span> <span class='ocrx_word' id='word_1_182' title='bbox 860 3567 895 3627; x_wconf 74' lang='lat' dir='ltr'><strong>aa</strong></span> <span class='ocrx_word' id='word_1_183' title='bbox 914 3568 990 3628; x_wconf 75' lang='lat' dir='ltr'><strong>rua.</strong></span> <span class='ocrx_word' id='word_1_184' title='bbox 1013 3570 1036 3646; x_wconf 89' lang='lat'><strong>1,</strong></span> <span class='ocrx_word' id='word_1_185' title='bbox 1061 3571 1110 3647; x_wconf 77' lang='lat' dir='ltr'><strong>ra,</strong></span> 
     </span>
     <span class='ocr_line' id='line_1_28' title="bbox 173 3663 1113 3761; baseline 0.019 -36"><span class='ocrx_word' id='word_1_186' title='bbox 173 3663 207 3746; x_wconf 53' lang='grc' dir='ltr'><strong>ὃ.</strong></span> <span class='ocrx_word' id='word_1_187' title='bbox 228 3666 259 3726; x_wconf 87' lang='grc'><strong>9.</strong></span> <span class='ocrx_word' id='word_1_188' title='bbox 286 3680 315 3728; x_wconf 91' lang='lat' dir='ltr'><strong>et</strong></span> <span class='ocrx_word' id='word_1_189' title='bbox 339 3668 401 3738; x_wconf 81' lang='lat' dir='ltr'><strong>vt,</strong></span> <span class='ocrx_word' id='word_1_190' title='bbox 431 3673 461 3748; x_wconf 76' lang='grc'><strong>4,</strong></span> <span class='ocrx_word' id='word_1_191' title='bbox 492 3671 526 3754; x_wconf 83' lang='lat'><strong>§.</strong></span> <span class='ocrx_word' id='word_1_192' title='bbox 550 3675 580 3741; x_wconf 66' lang='grc'><strong>9,</strong></span> <span class='ocrx_word' id='word_1_193' title='bbox 607 3675 772 3752; x_wconf 82' lang='lat' dir='ltr'><strong>Buhie,</strong></span> <span class='ocrx_word' id='word_1_194' title='bbox 810 3677 846 3739; x_wconf 90' lang='lat'><strong>0.</strong></span> <span class='ocrx_word' id='word_1_195' title='bbox 875 3680 895 3739; x_wconf 85' lang='lat' dir='ltr'><strong>l.</strong></span> <span class='ocrx_word' id='word_1_196' title='bbox 928 3700 958 3761; x_wconf 82' lang='lat' dir='ltr'><strong>p.</strong></span> <span class='ocrx_word' id='word_1_197' title='bbox 987 3682 1056 3741; x_wconf 64' lang='lat' dir='ltr'><strong>iii.</strong></span> <span class='ocrx_word' id='word_1_198' title='bbox 1085 3699 1113 3743; x_wconf 90' lang='lat' dir='ltr'><strong>ct</strong></span> 
     </span>
     <span class='ocr_line' id='line_1_29' title="bbox 174 3773 1108 3868; baseline 0.02 -35"><span class='ocrx_word' id='word_1_199' title='bbox 174 3773 275 3852; x_wconf 85' lang='lat' dir='ltr'><strong>Zeii,</strong></span> <span class='ocrx_word' id='word_1_200' title='bbox 298 3777 408 3839; x_wconf 82' lang='lat' dir='ltr'><strong>Cotum.</strong></span> <span class='ocrx_word' id='word_1_201' title='bbox 426 3800 456 3859; x_wconf 85' lang='lat' dir='ltr'><strong>p.</strong></span> <span class='ocrx_word' id='word_1_202' title='bbox 478 3782 551 3843; x_wconf 70' lang='lat'><strong>208.</strong></span> <span class='ocrx_word' id='word_1_203' title='bbox 597 3785 636 3862; x_wconf 78' lang='lat'><strong>(5)</strong></span> <span class='ocrx_word' id='word_1_204' title='bbox 665 3785 802 3848; x_wconf 71' lang='lat' dir='ltr'><strong>Arist.</strong></span> <span class='ocrx_word' id='word_1_205' title='bbox 825 3789 860 3856; x_wconf 85' lang='lat' dir='ltr'><strong>ii.</strong></span> <span class='ocrx_word' id='word_1_206' title='bbox 881 3808 912 3868; x_wconf 85' lang='lat' dir='ltr'><strong>p.</strong></span> <span class='ocrx_word' id='word_1_207' title='bbox 935 3791 1108 3852; x_wconf 55' lang='lat' dir='ltr'><strong>idi-262.</strong></span> 
     </span>
    </p>
   </div>
   <div class='ocr_carea' id='block_1_7' title="bbox 173 3884 1112 3982">
    <p class='ocr_par' dir='ltr' id='par_1_10' title="bbox 173 3884 1112 3982">
     <span class='ocr_line' id='line_1_30' title="bbox 173 3884 1112 3982; baseline 0.016 -37"><span class='ocrx_word' id='word_1_208' title='bbox 173 3884 212 3963; x_wconf 82' lang='grc'><strong>(6)</strong></span> <span class='ocrx_word' id='word_1_209' title='bbox 243 3887 331 3948; x_wconf 83' lang='lat' dir='ltr'><strong>Notae</strong></span> <span class='ocrx_word' id='word_1_210' title='bbox 366 3895 520 3970; x_wconf 78' lang='grc' dir='ltr'><em>ἐσωτερικῶν</em></span> <span class='ocrx_word' id='word_1_211' title='bbox 541 3899 623 3982; x_wconf 56' lang='grc' dir='ltr'>λόγων</span> <span class='ocrx_word' id='word_1_212' title='bbox 657 3915 722 3957; x_wconf 88' lang='lat' dir='ltr'><strong>usus</strong></span> <span class='ocrx_word' id='word_1_213' title='bbox 749 3916 804 3957; x_wconf 86' lang='lat' dir='ltr'><strong>non</strong></span> <span class='ocrx_word' id='word_1_214' title='bbox 834 3899 885 3959; x_wconf 87' lang='lat' dir='ltr'><strong>nisi</strong></span> <span class='ocrx_word' id='word_1_215' title='bbox 923 3900 1034 3961; x_wconf 85' lang='lat' dir='ltr'><strong>serioris</strong></span> <span class='ocrx_word' id='word_1_216' title='bbox 1056 3901 1112 3960; x_wconf 89' lang='lat' dir='ltr'><strong>ori-</strong></span> 
     </span>
    </p>
   </div>
   <div class='ocr_carea' id='block_1_8' title="bbox 0 0 1306 4620">
    <p class='ocr_par' dir='ltr' id='par_1_11' title="bbox 0 0 1306 4620">
     <span class='ocr_line' id='line_1_31' title="bbox 0 0 1306 4620; baseline 0 5"><span class='ocrx_word' id='word_1_217' title='bbox 0 0 1306 4620; x_wconf 95' lang='lat' dir='ltr'><strong> </strong></span> 
     </span>
    </p>
   </div>
  </div>
 </body>
</html>
