2602 4620
628 285 668 348 65

174 462 424 552 ἰοῑοι·.ομμοοι’ίω
445 482 477 532 et
496 471 668 532 contrariu
686 487 751 530 non
772 481 912 532 accurate
921 463 1108 551 distinxisse

175 610 254 674 quae
282 589 367 653 enim
398 589 576 675 ἀντικείμενα
598 585 648 675 (Ι)
672 604 761 654 vocat
784 588 1045 672 Aristoteles,
1069 590 1108 654 ab

173 723 210 767 eo
231 708 404 769 contraria
431 701 593 770 dicuntur.

115 903 123 919 .
218 819 304 882 Cum
327 818 566 895 Aristoteles
579 834 717 909 quatuor
728 806 891 885 causarum
903 841 1015 904 genere
1030 840 1112 884 eon·

174 941 333 1008 stitueritz
358 943 509 1007 movendi
523 947 729 1031 principium
744 942 808 1028 (τὴν
831 944 931 1033 ἀρχὴν
953 951 1002 1016 τῆς
1021 963 1116 1028 μετα-

176 1059 278 1148 βολῆς)
289 1114 300 1149 ,
317 1070 491 1131 materiam
512 1091 552 1132 ex
572 1091 641 1156 qua
650 1069 699 1156 fit
711 1067 846 1156 aliquid
857 1064 922 1152 (τὴν
960 1066 1030 1136 ὕλην
1058 1069 1116 1129 τῶν

176 1188 360 1276 σνεναςῶν),
399 1194 560 1255 rationem
600 1217 641 1257 ae
679 1196 846 1280 speeiem,
887 1216 956 1280 qua
990 1214 1115 1256 uuum-

175 1313 325 1403 quodque
352 1315 528 1398 formalur
553 1315 597 1400 (τὸ
638 1314 712 1391 εἶδος
755 1316 803 1382 καὶ
846 1317 878 1383 τὸ
910 1309 1117 1408 παράδειγμα)

178 1458 209 1506 et
232 1441 339 1529 finem
363 1450 507 1529 propter
548 1466 642 1530 quem
687 1444 855 1531 quodlibet
897 1447 1038 1534 efficitur
1070 1442 1116 1528 (τὸ

180 1559 270 1644 τέλος,
304 1559 336 1624 τὸ
369 1554 401 1623 οἶν
428 1561 523 1648 ἕνεκα)
556 1560 627 1648 (2);
663 1562 817 1626 Cicero
852 1585 1015 1635 causarum
1054 1559 1119 1625 duo

180 1693 304 1740 tuntum
340 1699 451 1760 genera
482 1698 546 1739 esse
576 1691 703 1739 censet:
741 1700 842 1740 unum
870 1675 962 1763 quod
979 1680 1015 1740 vi
1033 1698 1119 1759 etta,

181 1793 221 1859 id
237 1792 328 1883 quod
351 1793 411 1856 sut
433 1815 473 1857 eu
496 1793 676 1878 subjeetum
698 1801 769 1873 est,
802 1801 890 1856 eerto
921 1791 1036 1880 ffeit:
1070 1788 1119 1852 at-

181 1927 287 1975 terum
320 1908 412 1996 quod
439 1917 597 1972 uatmum
632 1905 797 1996 efficiendi
817 1929 884 1971 ιιοο
906 1907 1024 1988 habet,
1061 1905 1124 1973 sed

182 2030 254 2092 siue
282 2046 347 2115 quo
379 2024 464 2113 effici
491 2046 557 2087 uon
571 2027 681 2112 possit
702 2023 750 2110 (3)
763 2050 775 2100 ,·
810 2021 887 2090 hine
907 2046 1059 2114 quoque,
1083 2018 1121 2088 ut

183 2141 226 2206 ait
255 2137 449 2206 Boethius
482 2135 552 2228 (4):
601 2140 732 2221 „Casus
769 2140 904 2205 exterior
940 2162 1028 2206 causa
1060 2160 1122 2204 nee

186 2259 270 2321 inter
302 2253 490 2344 principales
509 2270 736 2319 annumeratur
760 2252 937 2322 seeundum
959 2255 1120 2321 Aristo·

185 2368 304 2436 telem
333 2365 394 2457 (5).
444 2367 629 2436 Secundum
659 2370 705 2434 M.
741 2368 922 2436 Tullium
954 2369 1004 2455 (6)
1049 2391 1123 2433 vero

185 2509 268 2551 casus
300 2499 347 2548 est
374 2482 471 2546 latens
506 2481 631 2547 effectae
667 2483 710 2544 rei
745 2505 832 2546 causa
846 2484 883 2565 ;”
908 2505 988 2569 quae
1017 2505 1122 2546 causae

184 2616 325 2664 naturam
348 2595 505 2662 efficiendi
529 2620 593 2660 non
618 2595 745 2659 habent.

211 2886 262 2965 (l)
284 2881 391 2969 Arist.
426 2883 497 2962 Top.
529 2884 562 2951 V,
593 2887 622 2943 6.
653 2891 687 2945 τοί
721 2894 906 2968 ἀντικείμενα,
941 2903 1041 2970 πρῶτον
1074 2896 1120 2969 μὲν

181 3001 208 3054 ἐκ
231 3006 281 3054 τῶν
299 2999 442 3065 ἐναντίων,
464 2998 581 3080 δεύτερον
603 2993 656 3054 δ’ἐκ
677 3008 727 3053 τῶν
748 3001 811 3072 πρὸς
835 3022 882 3067 τι,
906 3004 992 3075 τρίτον
1016 3002 1045 3059 τὸ
1064 2997 1119 3056 καθ’

180 3108 231 3171 ἕξιν
264 3107 306 3161 καὶ
327 3088 395 3162 iuvit
414 3109 519 3181 ςὲμοσιν
545 3106 700 3182 λεγόμενον,
727 3104 816 3162 ἔπειτα
835 3108 863 3160 ὲκ
882 3114 938 3163 τῶν,
953 3112 1121 3184 ααταμάσεων

179 3213 223 3269 καὶ
241 3221 292 3269 τῶν
312 3215 485 3286 ἀποφάσεων,
517 3213 545 3266 ἐκ
565 3220 615 3268 τῶν
635 3184 888 3289 κατημομονμένων,
910 3215 925 3277 ἦ
947 3219 983 3291 μὴ
1000 3239 1120 3292 κατηγο.

177 3323 325 3397 μονμλνων,
348 3320 375 3384 ἐξ
394 3321 478 3374 αὐτῶν
499 3327 549 3374 τῶν
569 3320 739 3394 ὑποκειμένων
756 3362 764 3388 ,
785 3322 813 3376 ἐκ
825 3329 876 3383 τῶν
888 3308 1119 3402 ἀντοδιμμημένων.

177 3424 225 3484 Cf.
269 3419 338 3480 cie.
376 3419 448 3496 Top.
491 3440 517 3478 e.
554 3425 590 3479 tt
621 3436 648 3480 et
672 3423 745 3500 disp.
772 3443 801 3481 u.
832 3443 861 3501 p.
890 3425 941 3482 60.
990 3425 1029 3500 (α)
1052 3424 1117 3482 Nat.

175 3537 261 3594 tuse.
285 3531 322 3606 11,
354 3529 384 3586 ο.
408 3528 452 3587 et.
482 3533 563 3589 unu.
588 3532 662 3591 Post.
688 3533 720 3609 u,
766 3537 779 3591 1
828 3533 888 3591 uu.
934 3532 975 3607 (ο)
998 3532 1070 3609 top.
1091 3549 1118 3592 ι.
1179 3516 1182 3520 ’

179 3643 228 3701 15.
250 3640 295 3701 Cf.
320 3634 505 3712 Boethius,
529 3659 558 3715 p.
583 3641 654 3701 567.
708 3641 747 3714 (t)
774 3660 805 3717 p.
832 3633 904 3699 571.
932 3638 978 3699 Cf.
1001 3638 1119 3716 Stahr,

176 3750 212 3810 t.
251 3753 280 3810 b.
322 3750 351 3808 d.
391 3747 429 3805 tt.
454 3766 484 3823 p.
513 3747 585 3809 208.
631 3749 670 3823 (5)
701 3748 776 3807 Nat.
800 3738 901 3824 Aust..
933 3748 967 3823 tt,
994 3749 1013 3807 6
1039 3749 1065 3808 in
1091 3751 1112 3807 s.

104 3876 107 3881 ’
177 3860 217 3936 (6)
240 3859 309 3937 Top.
333 3879 359 3919 ο.
390 3864 436 3921 17.
1168 3864 1172 3869 '

961 4039 964 4046 ,
985 3974 1004 4034 5
