2602 4620
627 267 670 335 96

174 454 236 524 dici
262 454 385 534 solunt,
415 474 453 517 ue
473 452 519 518 sic
544 450 636 520 etism
659 449 774 518 sentire
794 445 938 532 vidente,
962 468 1136 538 qnnmet.

173 575 240 665 ipse
261 574 300 639 sis
321 573 411 663 quasi
428 571 560 637 unicum
583 567 767 660 exemplum
788 569 937 659 antiquae
946 572 1118 662 probitatis

175 705 207 755 ct
231 686 329 770 fidei3
356 709 459 774 neque
480 686 521 751 sit
540 685 645 772 ignote
669 682 867 752 consuetudo
880 703 932 752 tun
941 689 1118 754 contrarias

175 805 207 870 in
230 820 335 897 partes
358 798 550 883 disserendi,
574 798 661 892 quod
684 800 725 866 ita
739 798 884 868 facillime
895 823 1008 869 verum
1019 804 1128 872 inve-1

176 921 237 987 nisi
269 921 394 1012 putes.’'
450 900 662 985 statuendum
693 917 812 1001 igitur,
854 915 1009 1002 egregiam
1033 916 1123 985 bene

175 1035 297 1103 Phili
328 1033 575 1125 disputationem
609 1032 644 1097 in
680 1030 854 1099 maximum
874 1029 973 1118 hujus
992 1049 1122 1116 nostrae

175 1149 401 1242 disquisitionis
410 1145 639 1215 detrimentum
652 1169 750 1238 paene
763 1160 860 1213 totam
873 1147 1038 1233 interiisse,
1050 1172 1114 1236 sp-

175 1279 267 1357 psret
297 1262 386 1329 'enim
419 1286 457 1328 ex
481 1261 654 1346 hocloco,
686 1286 778 1344 eum,
802 1285 868 1329 nou
887 1263 993 1328 minus
1016 1277 1120 1354 qu'sm

69 1372 71 1378 ’
177 1377 476 1447 Antoniumin
495 1376 582 1444 libris
606 1376 647 1443 de
669 1381 826 1460 Oratore,
851 1378 887 1442 in
921 1376 971 1443 his
1002 1375 1045 1444 de
1068 1380 1117 1446 Re

176 1501 303 1597 publice
327 1494 538 1592 'Apte-strictos
553 1504 716 1593 πρόσωπον,
741 1521 780 1571 ut
798 1506 839 1571 its
860 1501 987 1586 dicam,
1009 1506 1115 1592 egisse

177 1620 337 1707 lugensre
351 1615 534 1702 tenendum,
559 1617 805 1707 quibuscunque
815 1616 1117 1705 dialogisCicero

176 1740 210 1805 in
237 1735 405 1828 utrumque
426 1752 548 1828 partem
570 1735 713 1821 disserit,
737 1760 810 1804 eum
836 1739 979 1808 consulto
996 1741 1033 1808 iis
1056 1741 1116 1808 tsls

177 1867 330 1954 spirutus
352 1864 573 1933 immiscuisse:
597 1865 642 1933 sic
664 1865 698 1930 in
720 1864 807 1931 libris
828 1864 870 1932 de
890 1868 1022 1935 Finibus
1046 1871 1119 1936 Pia:

177 2003 241 2063 so,
262 1981 304 2047 de
325 1982 443 2046 Natura
458 1982 607 2046 -Deorum
626 1981 772 2063 Cotta,
798 1981 856 2071 qui
873 1982 941 2070 jnui
961 1981 1003 2050 de
1026 1988 1116 2052 Ornss

178 2113 245 2162 tore
257 2093 328 2183 (l),
354 2104 511 2182 quantum
532 2093 609 2161 haec
631 2095 709 2161 ratio
730 2097 758 2160 ei
783 2097 958 2188 placuerit,
977 2095 1117 2167 dilucide

177 2209 377 2294 ostenderat,
401 2209 464 2277 hoc
486 2233 616 2277 munere
637 2210 828 2298 funguntuu

154 2350 158 2354 ’
183 2347 189 2355 ’
211 2332 367 2406 *Cicero
386 2337 419 2403 in
442 2334 598 2413 πολιτικοῖς
629 2339 691 2405 suis
712 2338 946 2407 conscribendis
964 2320 1061 2410 'valde
1082 2366 1116 2410 se

175 2453 325 2521 laborasse
358 2449 481 2519 duabus
513 2448 553 2517 nd
575 2453 790 2542 Quintum
813 2454 942 2523 fratrem
964 2457 1115 2549 Epistolis

174 2571 310 2658 ingenue
339 2567 528 2636 confitetur:
576 2568 795 2648 „scribebam
823 2570 896 2656 illa,
917 2585 999 2662 quse
1018 2556 1112 2640 dixe-³

175 2720 242 2763 ram
265 2690 417 2776 πολιτικὰ,
438 2692 572 2782 spissum
591 2703 665 2759 'ssne
684 2718 764 2783 opus
786 2711 818 2762 et
835 2715 1011 2788 operosum.
1036 2696 1112 2781 Sed,

174 2812 200 2876 si
224 2832 263 2874 ex
287 2807 438 2873 sententia
463 2809 659 2890 successerit,
695 2810 776 2876 hene
798 2813 857 2878 erit
883 2820 977 2906 operis
1001 2817 1111 2904 posits.

176 2924 234 2994 Sin
264 2923 388 3006 minus,
410 2921 444 2987 in
464 2921 543 2988 illud
567 2924 674 3017 ipsum
689 2951 774 2994 mare
796 2925 998 3016 dejiciemus,
1021 2929 1114 3021 quod

173 3057 348 3133 spectantes
379 3040 555 3109 scribimus.
606 3041 836 3131 Aggrediemur
856 3047 939 3130 ulia,
961 3048 1114 3137 quoniam

174 3158 331 3248 quiescere
341 3179 406 3222 non
416 3162 604 3246 possumns''
615 3157 709 3250 (2)-
733 3211 759 3247 ,,
773 3161 873 3252 Quod
886 3165 1020 3255 quaeris,
1033 3142 1113 3256 qnid

174 3271 299 3360 debillis
324 3270 410 3337 libris
430 3273 567 3359 egerim,
598 3281 694 3367 quos,
728 3302 831 3368 quum
858 3282 956 3345 essem
977 3276 1013 3345 i'n
1036 3279 1112 3346 'Cu'-

173 3404 291 3470 m'sn0‚
312 3388 449 3454 scribere
468 3389 613 3475 institui,
636 3389 702 3459 non
725 3383 872 3477 cessari,
888 3416 994 3483 neque
1015 3393 1110 3461 ees'snt

172 3506 227 3576 sed
249 3504 339 3598 saepe
356 3507 425 3592 jam
444 3503 606 3572 scribendi
628 3523 730 3578 totum
753 3508 916 3577 consilium
935 3512 1111 3576 rationem·

175 3683 350 3702 m
394 3683 397 3688 ¹

216 3742 1109 3845 mmmmmnummmum

174 3873 223 3932 ld.
247 3872 291 3930 Cs.
325 3872 350 3929 J.
378 3872 414 3928 Α.
441 3871 476 3930 C.
501 3892 566 3932 van
594 3876 755 3954 Heusde,
780 3876 814 3937 Ο.
838 3878 857 3936 Ι.
880 3898 911 3955 ρ.
941 3876 1015 3953 225,
1036 3874 1109 3935 224.
