2602 4620
623 296 668 360 911

178 477 212 543 in
248 460 322 568 quo
353 499 454 543 sermo
487 479 529 542 ita
552 475 716 545 inducitur
739 494 931 568 ceterorum,
956 498 991 552 ut
1002 477 1109 577 penca
1162 552 1170 569 ,

177 600 283 685 speum
304 598 616 685 tit-'principatuu''
750 603 752 607 ’

220 693 299 781 Satis
324 695 388 780 reii
409 712 506 780 simile
528 730 597 796 cst,
621 707 880 781 Ciceronem
903 716 987 784 hanc
1010 721 1109 786 ratio·

175 832 251 894 irem
285 849 350 894 esso
382 827 525 896 secutum
553 829 587 895 in
610 831 859 898 Hortensio
882 831 946 899 sive
966 831 1051 901 libro
1072 835 1115 902 de

176 939 398 1030 Philosophia,
421 943 456 1008 iu
478 954 545 1032 qu'o
568 943 614 1032 Q.
636 944 936 1029 Hortensium,
959 948 1003 1037 Q.
1029 951 1110 1015 Lu-

177 1062 332 1126 tatium
370 1056 594 1141 Catulum,
629 1062 666 1125 L.
691 1049 917 1128 Licinium
942 1049 1111 1130 Lucul-

175 1177 280 1260 lum,
303 1177 348 1266 Q
378 1174 602 1243 Lucilium
623 1175 819 1259 Balbum,
843 1176 1057 1271 semetipsum
1078 1198 1111 1247 et

174 1482 205 1541 p.
248 1463 320 1538 XVl,
356 1463 432 1524 XVll
464 1478 492 1524 et
516 1466 712 1542 Stahrium,
736 1467 771 1544 ll,
802 1488 831 1546 p.
858 1468 930 1534 245,
958 1468 1032 1526 246.
1056 1467 1111 1537 clf.

174 1573 211 1633 de
240 1574 293 1633 hoc
318 1577 380 1634 loco
415 1576 521 1654 Wytt.
555 1575 643 1653 Epist.
672 1576 748 1635 laud.
773 1595 804 1654 p.
828 1577 879 1652 51,
905 1570 962 1635 Ph.
989 1575 1025 1635 G.
1050 1595 1116 1635 vau

175 1684 339 1763 Heusde,
361 1685 424 1743 luit.
454 1685 489 1761 ll,
516 1682 589 1763 l,p.
622 1685 692 1760 155,
724 1683 841 1744 Orell.
868 1683 938 1743 Cio.
954 1683 1031 1763 Opp.
1048 1684 1112 1744 Vol.
1183 1757 1187 1763 Α
1279 1693 1282 1699 “

175 1794 223 1868 111,
255 1814 285 1872 p.
315 1794 338 1868 l,
364 1814 393 1872 p.
423 1794 474 1870 17,
495 1793 608 1852 Madv.
631 1791 666 1852 ll.
691 1794 713 1851 l.
742 1794 771 1852 iu
796 1792 886 1871 praes.
910 1810 940 1871 p.
968 1792 1027 1870 LX,
1040 1793 1113 1854 LXl.

174 1902 246 1961 lllud
284 1901 365 1980 igitur
395 1898 491 1962 cutem
518 1888 678 1961 nonhabet
701 1903 755 1962 vim
783 1901 985 1979 oppositionis,
1008 1913 1039 1961 ut
1066 1904 1114 1962 iu-

172 2002 312 2089 terpretos
346 2025 534 2086 monuerunt,
567 2012 617 2070 sed
648 2012 701 2070 rite
738 2009 892 2090 appositum
923 2008 1038 2071 videtui
1075 2014 1111 2073 ad

175 2120 369 2198 praestantiam
406 2119 518 2180 alterius
559 2121 648 2180 moris
681 2119 769 2198 magis
800 2118 1003 2207 extollendam.
1033 2119 1111 2180 Kri-

176 2229 320 2305 schium,
345 2231 391 2308 qui
412 2228 448 2288 Ο.
478 2231 498 2288 1.
523 2249 553 2307 p.
584 2232 621 2289 15
636 2248 712 2308 sqq,
728 2227 989 2289 Aristoteliam
1004 2246 1112 2289 moram

176 2341 263 2400 latere
289 2341 408 2410 maxime
436 2341 582 2400 causatio
609 2338 782 2400 distinctione
807 2338 980 2416 dialogorum
998 2358 1014 2397 a
1031 2352 1112 2400 oste—

176 2453 216 2512 rls
231 2453 341 2530 scriptis
364 2465 446 2530 atquc
475 2454 504 2511 in
528 2453 670 2531 perpetuis
698 2452 877 2520 orationibus,
892 2451 1113 2530 quibusutuutu'r

176 2560 330 2640 personae,
357 2581 428 2640 quac
453 2562 575 2638 singulae
595 2561 756 2619 senteutiam
774 2580 842 2620 suaa
868 2573 962 2620 sectae
989 2571 1111 2638 meatur,

176 2673 296 2751 ideoque
326 2673 465 2748 antiquam
489 2670 646 2746 lectionem,
666 2670 781 2738 hubent:
803 2671 835 2729 ia
854 2688 928 2750 quo,
952 2689 1008 2730 non
1032 2671 1113 2730 solli-

176 2788 258 2854 citat.
295 2787 324 2846 in
352 2804 490 2851 errorem.
523 2797 552 2843 ut
577 2784 702 2860 videtur,
726 2783 843 2844 maxime
864 2784 1017 2845 inductum.
1034 2786 1114 2847 dm-

174 2898 282 2959 monii
306 2900 369 2958 loco
384 2897 424 2975 (p.
435 2894 481 2960 184
492 2895 564 2974 disp.
579 2897 631 2972 nl,
641 2893 736 2974 rejicio
747 2894 782 2953 ad
793 2894 1008 2972 disquisitionem
1020 2914 1112 2955 meam

172 3011 207 3081 ¹de
241 3008 455 3071 Aristotelio
486 3026 584 3082 more,
620 3019 650 3066 ut
679 3005 817 3066 etiamad
838 3005 914 3081 loca,
940 3025 1012 3084 quae
1037 3007 1115 3066 attuli

174 3140 257 3200 pagg.
277 3120 328 3188 21,
348 3119 388 3178 25
410 3137 493 3197 sqq.,
519 3119 571 3193 51,
600 3115 650 3182 61,
676 3114 716 3174 18
741 3133 829 3192 squ.
845 3114 933 3193 disp..
957 3113 1051 3178 Obiter
1066 3128 1113 3177 ta-

174 3227 426 3289 menmonendum
450 3244 511 3285 csse
540 3241 659 3299 censeo,
682 3223 865 3302 qualicunque
894 3223 1005 3284 tandem
1030 3224 1115 3286 modo

174 3341 248 3398 hunc
278 3335 453 3396 Ammonii
484 3337 577 3395 locutu
610 3334 671 3411 quis
702 3334 919 3412 interpretetur.
956 3353 991 3393 eo
1019 3348 1113 3394 tamen

174 3448 287 3512 minime
314 3465 405 3505 meam
442 3445 478 3505 de
503 3443 723 3504 Aristotelio
745 3460 823 3502 more
846 3442 1010 3502 seutentiam
1029 3443 1111 3500 iufir-

174 3559 255 3620 mari.
296 3555 457 3615 Dominatur
495 3552 568 3612 enim
588 3552 656 3611 haec
680 3551 829 3630 peculiaris
855 3550 914 3609 sive
946 3549 1112 3629 syllogistica

174 3671 202 3731 in
222 3682 367 3746 utramque
390 3677 496 3743 partem
507 3661 670 3740 disputandi
688 3661 769 3725 ratio,
791 3677 847 3717 non
868 3657 958 3718 minus
980 3659 1008 3718 in
1033 3659 1113 3719 Ari-

173 3777 323 3850 stotelis
343 3772 453 3852 scriptis
476 3769 675 3834 commaticis,
698 3784 781 3844 quam
794 3765 822 3825 in
837 3767 896 3844 ejus
907 3765 1034 3847 dialogis.
1056 3768 1111 3832 Cff.

175 3865 882 3966 nmaummaaammn

954 3990 1004 4055 7*
