2602 4620
642 256 685 321 tt

190 465 303 519 nemu
330 438 667 532 doctissimoquodam
690 438 816 508 rhetore
840 441 1022 530 acciperes,
1045 434 1134 536 hor·

187 577 269 628 tatus
289 583 408 627 essetne
433 574 626 648 utrumque,
649 571 686 623 ut
704 571 783 623 exte
802 552 989 634 audiebam,
1012 577 1046 621 cs
1066 579 1129 623 ex-

187 692 307 766 pertus.
351 673 415 744 Sed
444 674 568 743 alibn's
590 689 621 740 te
641 673 811 742 obscuritas
829 671 948 759 rejecit.
1002 669 1129 740 Rhetor

184 806 290 859 sutem
308 792 358 858 ille
380 817 532 880 magnus,
554 791 656 874 haec,
679 807 715 858 ut
737 792 873 882 opinor,
908 791 1128 859 Aristote-

185 905 269 974 lica
290 929 323 974 se
344 908 488 995 ignorare
508 905 685 997 respondit.
733 904 834 996 Quod
863 903 994 996 quidem
1021 907 1125 975 mini-

186 1050 238 1094 me
258 1050 330 1094 sum
349 1026 541 1112 admiratus,
565 1052 637 1096 eum
659 1025 889 1118 philosophum
908 1024 1031 1093 rhetori
1055 1049 1125 1094 non

183 1166 248 1219 csse
282 1144 464 1230 cognitum,
497 1144 555 1233 qui
585 1146 626 1210 ab
655 1143 729 1234 ipsis
747 1138 966 1234 philosophis,
989 1145 1139 1232 praeter

185 1255 359 1323 admodum
405 1281 538 1347 paucos,
569 1258 741 1344 ignoretur.
798 1257 925 1346 Quibus
957 1278 996 1322 eo
1016 1254 1124 1322 minus

184 1370 413 1458 ignoscendum
433 1387 499 1453 est,
522 1369 612 1463 quod
632 1396 697 1439 non
726 1369 823 1439 modo
840 1372 935 1437 rebus
956 1370 1020 1454 iis,
1041 1393 1124 1460 quse

185 1489 228 1555 ab
259 1487 314 1556 illo
344 1486 446 1558 dictae
478 1504 511 1554 et
527 1489 674 1556 inventae
695 1504 793 1572 sunt,
816 1486 896 1554 ellici
917 1483 1122 1569 debuerunt,

184 1601 238 1670 sed
260 1601 389 1672 dicendi
411 1627 541 1695 quoqne
561 1602 742 1671 incredibili
763 1599 901 1693 quadam
920 1625 995 1668 oum
1018 1601 1121 1691 copia,

185 1736 256 1786 tum
279 1721 373 1788 etiam
395 1721 579 1789 suavitate.’'
620 1707 792 1809 ‘Egregium
813 1741 886 1785 sune
905 1717 1119 1784 Aristote-

184 1832 234 1903 lis
268 1839 465 1927 Topicorum
484 1837 638 1925 elogium,
673 1860 772 1927 quem
805 1832 912 1902 locum
937 1852 1004 1899 non
1027 1833 1122 1923 potui

184 1975 252 2017 non
283 1966 384 2018 totum
412 1951 467 2020 hic
498 1953 626 2018 referre.

230 2064 369 2130 Maxime
393 2065 489 2150 igitur
510 2067 666 2135 Cicero
685 2067 780 2150 locos,
806 2068 847 2133 ab
872 2062 1121 2133 Aristotele

180 2175 353 2269 ‚appellatos
377 2177 614 2269 quasisedes‚e
632 2183 750 2272 quibus
762 2197 944 2268 argumente
961 2205 1121 2274 proman-

181 2309 238 2359 tur
270 2292 343 2380 (l),
381 2295 416 2359 in
444 2295 506 2362 hoc
528 2320 624 2388 opere
647 2299 788 2364 iuvenire
808 2296 945 2373 studuit,
983 2297 1017 2363 in
1040 2321 1119 2388 quo,

185 2433 252 2477 non
285 2412 387 2479 servili
421 2412 517 2481 modo
552 2413 832 2482 Aristotelem
861 2430 1004 2499 secutus,
1041 2427 1147 2508 teste·

180 2527 355 2621 *Boethio
394 2528 458 2620 (2),
497 2531 648 2599 nonnulla
694 2529 736 2597 de
775 2555 831 2599 suo
874 2529 1030 2597 addidisse
1061 2534 1115 2594 vi-

181 2642 286 2712 detur.
330 2646 419 2714 Idem
441 2673 571 2740 quoque
592 2648 654 2717 boc
673 2647 742 2717 loco
751 2647 1002 2729 observandum,
1026 2644 1117 2738 quod

181 2760 217 2826 in
245 2759 332 2827 libris
354 2761 395 2829 de
422 2765 608 2834 Inventione
627 2767 694 2851 jam
714 2765 844 2850 monui,
868 2766 1119 2834 Ciceronem

177 2963 400 2989 με..

174 3137 176 3141 ¹
221 3071 260 3147 (l)
283 3068 328 3130 Cf.
365 3071 444 3132 Orat.
478 3091 505 3134 c.
543 3074 591 3151 ll,
615 3075 728 3156 lopo.
754 3077 785 3137 8.
828 3076 1014 3153 „Hocidem
1042 3075 1115 3135 trt-

177 3179 334 3239 stoteles
355 3186 489 3262 roppolus
513 3185 660 3264 appellat,
697 3187 772 3265 quod
806 3186 902 3248 Latine
930 3198 973 3248 est
995 3186 1110 3268 nota'',

177 3284 326 3357 Quinct.
350 3288 372 3346 l.
388 3288 424 3349 Ο.
449 3279 498 3368 ΧΙ,
521 3293 552 3370 2,
581 3292 614 3375 ὅ.
642 3295 693 3354 tt.
719 3296 758 3372 (d)
782 3292 892 3355 Comm.
914 3296 936 3356 l.
955 3296 977 3374 l,
994 3298 1059 3359 Vol.
1072 3300 1109 3378 V,

173 3412 206 3473 p.
223 3395 246 3471 l,
260 3414 289 3474 p.
307 3396 379 3474 28⁶2,
393 3397 454 3458 ⁶285
470 3400 584 3462 Orell.
601 3403 687 3462 Edit:
712 3403 977 3488 „drittojteles
992 3427 1111 3489 namque

174 3502 210 3563 de
227 3505 353 3567 maximis
380 3509 615 3588 propositionibus
625 3511 758 3572 disserit:
782 3513 832 3573 bas
847 3514 921 3575 enim
934 3516 1013 3576 locos
1023 3537 1110 3597 argu-

173 3627 328 3676 mentorum
350 3636 413 3678 esse
436 3619 540 3697 posuit.
585 3619 727 3680 Tullius
748 3641 815 3683 vero
839 3624 919 3686 locos
939 3646 996 3687 non
1016 3629 1110 3689 maxi-

172 3738 233 3781 mas
261 3727 486 3806 propositiones,
523 3731 574 3792 sed
603 3750 698 3792 carum
735 3735 906 3798 continentes
940 3738 1110 3802 differentias

167 3832 253 3889 'vocat
277 3853 310 3893 ac
333 3836 368 3895 de
392 3838 435 3898 his
463 3840 565 3902 docere
590 3842 805 3912 concorditer.
827 3866 858 3924 p.
884 3845 957 3924 280,
981 3847 1055 3910 281.
