2602 4620
610 260 724 376 cu

176 493 321 562 dominos
342 493 543 585 appellabant
570 518 643 575 eos,
676 498 793 583 quibus
806 501 890 581 juste
912 485 1106 595 paruerunta

177 613 315 706 denique
350 634 390 678 ue
420 636 505 698 reges
538 609 691 701 quidem3
718 612 772 678 sed
796 619 914 702 patriae
944 619 1110 705 custodes,

175 728 230 796 sed
252 746 356 822 patres
376 743 408 793 et
436 725 519 794 deos.
544 729 612 794 Nee
630 728 697 794 sine
718 753 873 796 causa—
896 734 1022 816 Vitam,
1047 736 1110 804 bc-

176 869 311 923 norem,
347 841 444 912 decus
464 845 524 909 sibi
546 843 656 912 datum
676 869 740 911 esse
758 848 880 934 justitia
901 851 980 936 regis
1001 852 1111 916 existi-

177 963 329 1028 mabant’'
349 962 409 1050 (l)
429 998 475 1011 -
506 960 632 1052 „Quod
669 963 710 1029 ita
731 987 833 1054 quum
852 965 916 1048 sit,
950 968 1113 1033 extribus

176 1077 284 1167 primis
314 1077 480 1161 generibus
512 1074 604 1162 louge
639 1094 796 1165 praestat,
829 1102 899 1145 mea
931 1083 1110 1165 sententia,

174 1195 317 1280 1·egium’'
339 1190 408 1279 (2),
431 1208 463 1257 et
484 1191 629 1266 aliocloco
655 1191 724 1280 (3):
774 1196 907 1282 „Ipsum
932 1197 1032 1284 regule
1051 1221 1110 1284 ge-

175 1330 235 1371 nus
268 1307 398 1372 civitatis
423 1330 488 1373 non
510 1305 606 1374 modo
620 1300 690 1374 ‘non
712 1323 759 1372 est
779 1306 1110 1399 reprehendendum,

174 1421 228 1487 sed
262 1421 346 1487 haud
376 1422 439 1489 scio
470 1448 510 1487 au
532 1422 658 1515 reliquis
680 1421 875 1512 simplicibus
904 1424 997 1512 longe
1016 1441 1110 1491 ante-

175 1536 382 1628 ponendum3
396 1575 440 1588 --
461 1537 515 1604 sed
541 1541 599 1622 ita,
623 1537 728 1627 quoad
750 1554 867 1604 statum
879 1561 971 1604 suum
984 1540 1112 1605 retinet.

168 1652 204 1717 'ls
226 1669 272 1717 est
295 1666 397 1718 autem
420 1668 537 1734 status,
560 1668 596 1717 ut
620 1653 712 1717 unius
733 1667 889 1742 perpetua
909 1665 1062 1740 potestate
1085 1667 1116 1715 et

147 1739 153 1750 ι
171 1768 294 1859 justitia
309 1746 461 1856 oinnique
484 1769 634 1858 sapientia
656 1784 782 1852 ¹regatur
805 1767 884 1832 salus
907 1783 945 1831 et¹
959 1767 1114 1856 aequabi-

175 1884 241 1949 litas
272 1906 302 1953 et
334 1885 433 1949 otium
456 1884 606 1949 eivium’'.
652 1883 798 1972 Uterque
821 1886 916 1970 igitur
935 1909 1030 1972 regna
1049 1870 1115 1954 nou

175 1997 384 2081 hereditaria,
426 1997 480 2063 sed
531 2000 654 2063 virtutis
700 2001 919 2088 praestantiam
962 2003 1114 2090 optimam

173 2116 370 2183 suceessbnis
398 2138 539 2181 normam
565 2138 629 2180 esse
651 2114 747 2181 voluit
770 2116 829 2205 (4).

223 2234 343 2298 Auctor
379 2231 544 2320 Polybio
563 2230 630 2320 (5),
649 2254 746 2320 quem
771 2247 876 2322 postea
895 2234 1040 2301 Cicero
1064 2233 1113 2323 (6)

175 2365 301 2415 ¹secutus
333 2363 398 2428 est,
433 2346 675 2413 Aristoteles
712 2345 867 2412 dicendus
899 2347 1048 2431 videtur,
1079 2367 1116 2414 ut

178 2466 330 2553 optimam
363 2464 520 2548 regiminis
559 2463 691 2528 sormam
726 2486 742 2526 e
775 2464 878 2527 tribus
897 2464 1028 2529 mixtam
1049 2487 1115 2537 esse

178 2595 335 2644 statueret.
384 2579 548 2644 Aeetuimo
582 2577 666 2639 enim
697 2599 763 2664 quo
785 2575 964 2642 ducebatur
983 2578 1115 2644 investi-

177 2693 271 2780 gandi
302 2690 427 2773 studio,
460 2693 554 2757 varias
580 2692 628 2755 sui
654 2692 823 2782 temporis,
853 2708 917 2757 tum
941 2695 1115 2777 Graeciae,

178 2831 276 2898 quam
309 2808 495 2889 Barbariae,
519 2807 757 2872 constitutiones
781 2807 904 2894 collegit
928 2825 960 2874 et
981 2809 1068 2876 inter
1087 2835 1119 2876 se

177 2946 357 3016 computare
387 2925 546 3006 instituit3
585 2921 625 2987 de
662 2947 727 3013 quo
762 2924 926 3011 pro'posito
958 2925 1118 3011 egregium

176 3039 276 3107 edidit
300 3043 510 3108 testimonium
534 3044 568 3106 in
586 3041 1116 3133 liueNicomacheorum(7)=
1141 3039 1160 3061 ⁹

177 3252 378 3265 ..ι-ᾐ-

224 3361 263 3437 (l)
286 3361 321 3419 de
360 3361 432 3438 ch.
474 3362 496 3425 1,
536 3362 587 3419 cll.
633 3361 671 3435 (⁶2)
695 3361 738 3418 lb.
778 3379 803 3418 e.
831 3360 881 3419 ts.
929 3361 968 3437 (ὅ)
997 3361 1034 3436 11,
1060 3362 1112 3418 ⁶25.

178 3475 218 3550 (d)
246 3469 354 3528 Arist.
381 3467 442 3526 Pol.
471 3466 506 3541 ΙΙ,
537 3467 566 3524 6.
589 3465 732 3551 (ὅγ’Ῑςορ.
758 3467 910 3546 Ἧ,5ε(ῃ.
934 3469 973 3543 (6)
989 3467 1024 3526 de
1036 3468 1111 3546 Rep.

176 3583 199 3658 l,
237 3580 288 3643 to.
325 3577 375 3653 29,
402 3577 453 3651 45,
485 3576 521 3650 ΙΙ,
548 3575 599 3650 25,
628 3575 678 3634 59.
705 3575 759 3634 eff.
790 3575 859 3634 Cic.
883 3594 934 3653 pro
959 3575 1055 3634 Sext.
1082 3595 1110 3636 c.

176 3692 227 3767 45,
254 3687 392 3751 Livius,
418 3685 490 3750 Vlll,
515 3685 543 3742 5.
571 3684 735 3758 Tacitus,
762 3683 835 3742 Anu.
862 3684 910 3760 lV,
934 3685 984 3742 55.
1006 3683 1110 3747 Tene.

176 3799 212 3860 0.
242 3801 263 3858 l.
291 3799 335 3865 tv,
355 3817 385 3876 p.
419 3795 486 3860 ltu,
502 3794 658 3868 liceren,
682 3793 736 3850 alte
751 3791 852 3852 Gesch.
866 3813 897 3873 p.
914 3794 1019 3863 tobes
1032 3797 1109 3868 alibi.

177 3912 229 3972 ua.
250 3883 297 3971 iv.
344 3909 382 3985 (τ)
406 3906 488 3965 uuo
510 3903 536 3962 x
560 3903 588 3960 in
611 3901 650 3979 t,
677 3901 720 3961 of.
747 3902 860 3980 disan,
876 3924 906 3983 p.
927 3904 984 3965 aes
999 3918 1027 3966 a
1044 3910 1111 3969 ua

967 4023 1028 4088 10*
