2602 4620
638 262 657 326 8

209 450 470 519 ‘Plutarchus
509 473 574 516 uno
610 447 679 518 loco
716 448 762 518 τὸν
791 449 885 522 ἠθικὸν
915 466 947 516 et
970 450 1117 516 πολιτικὸν

180 575 263 662 λόγον
288 574 327 640 ab
344 573 552 641 acroamaticis
572 548 604 637 ct
629 552 784 666 epopticis
801 574 928 664 scriptis
950 571 1117 662 distinguit

182 699 255 791 (l),
287 697 382 765 altero
403 722 477 777 rero
498 699 536 762 toi
559 697 645 768 ἠθικὰ
673 697 865 787 ὑπομνήματα
894 701 952 772 τοῖς
978 696 1116 789 ἐξωτερι-

181 827 240 898 κοῖς
264 824 358 912 λόγοις
396 824 533 916 opponit
571 822 641 912 (2),
691 847 728 889 ex
764 824 880 913 quibus
917 824 1013 911 igitur
1042 824 1116 892 locis

180 944 345 1032 utriusque
373 940 492 1026 generis
518 938 611 1005 luisse
639 938 766 1006 efficere
785 939 901 1007 liceret.

225 1057 506 1154 »Έξωτερῑκᾶ,“
548 1080 585 1129 ut
623 1065 666 1129 ait
698 1062 872 1131 Gellius
893 1060 965 1152 (3),
1001 1063 1115 1147 „dice-

179 1183 316 1264 bantur‚
349 1203 430 1271 quae
457 1177 497 1244 ad
532 1177 702 1247 rhetoricas
733 1177 973 1261 meditationes,
1011 1179 1116 1246 facul-

180 1313 277 1362 tatem
315 1298 532 1382 argutiarum„
583 1295 784 1385 civiliumque
822 1319 930 1361 rerum
971 1294 1117 1360 notitiam

182 1419 414 1487 conducebant.
461 1413 640 1508 Ἀκροατικά
659 1484 662 1490 ,
684 1435 787 1485 autem
833 1419 1042 1501 vocabantur,
1081 1420 1116 1483 in

180 1538 297 1627 quibus
325 1535 523 1628 philosophia
560 1538 707 1603 remotior
760 1534 969 1624 subtiliorque
1016 1535 1116 1620 agita·

177 1655 295 1736 batur,
325 1677 470 1744 quaeque
494 1651 533 1718 ad
565 1669 693 1719 naturae
721 1651 1019 1743 contemplationes,
1059 1648 1115 1714 di-

178 1773 425 1863 sceptationesve
454 1767 629 1839 dialecticas
651 1770 892 1860 pertinebant.“

223 1888 279 1952 Ab
289 1886 349 1952 hac
363 1884 491 1954 Gellii
513 1883 715 1951 distinctione
728 1908 788 1972 pro
797 1900 884 1975 parte
895 1880 1014 1950 recedit
1023 1881 1053 1948 A
1062 1905 1114 1945 m-

180 2002 356 2071 monius
387 2001 582 2067 Hermiae
614 1997 788 2086 filium),
821 2001 897 2089 qni,
921 1999 1114 2066 Aristo·

179 2123 240 2190 tel
253 2126 290 2189 is
311 2126 429 2215 scripta
449 2124 593 2192 bilariam
614 2122 776 2207 dividens,
809 2126 844 2190 in
869 2122 1092 2211 ὑπομνηματικά
1102 2170 1114 2206 ,

178 2241 403 2307 commentaria
434 2264 489 2306 seu
518 2239 707 2325 adversaria,
744 2263 825 2330 quae
857 2255 980 2306 tantum
1008 2255 1111 2304 mate-

178 2367 258 2433 riam
289 2365 362 2432 libri
388 2365 547 2434 scribendi
576 2369 782 2437 continebant
802 2363 870 2453 (5),
896 2381 950 2446 ‚et
985 2387 1114 2450 συνταγ-

177 2491 318 2577 parturi,
364 2513 458 2582 opera
497 2492 689 2580 composita,
737 2487 912 2578 descripta,
955 2485 1111 2569 absoluta,

179 2612 258 2681 haec
305 2612 440 2707 duplicis
483 2615 603 2700 generis
638 2611 729 2677 fuisse
777 2627 904 2694 censet,
943 2609 991 2678 vel
1023 2609 1113 2676 αὑτο-

220 2952 258 3028 (1)
309 2951 425 3012 Plut.
468 2954 741 3017 vitabitur.
788 2960 817 3034 7,
854 2960 890 3018 T.
936 2960 959 3033 l,
991 2980 1021 3038 p.
1049 2960 1110 3018 668

175 3065 225 3125 Fr.
265 3064 305 3141 (⁶2)
337 3063 453 3124 Plut.
484 3067 548 3127 adv.
586 3067 708 3129 Colot.
735 3070 769 3129 Τ.
796 3070 831 3146 ΙΙ,
861 3092 891 3148 p.
919 3072 998 3131 1115
1021 3072 1052 3130 Β.
1074 3070 1108 3145 Τ,

175 3175 211 3250 Χ,
242 3193 273 3252 p.
300 3172 487 3235 sss-587.
530 3177 662 3238 Reislr.
707 3180 747 3256 (ὅ)
775 3181 810 3239 N.
833 3180 868 3239 Α.
887 3180 956 3255 XX,
987 3183 1016 3241 5.
1069 3184 1108 3260 (d)

174 3284 284 3344 Comm.
308 3284 344 3343 ad
374 3283 436 3344 Cat.
462 3306 492 3365 p.
518 3288 549 3346 1.
580 3288 633 3349 Ed.
655 3289 734 3348 ΑΜ.
781 3291 820 3367 (5)
850 3289 1025 3351 Obscuritate
1051 3310 1110 3349 ma-

172 3398 246 3458 xima
271 3398 419 3478 conspicuo
458 3419 474 3460 c
503 3403 637 3461 sententia
667 3404 1036 3482 wyttenbachii,
1063 3407 1109 3482 qui

171 3530 206 3570 eo
231 3509 317 3571 refert
340 3508 463 3570 libellum
496 3511 531 3571 de
567 3513 700 3589 Poetica,
739 3513 896 3574 inchoatum
925 3515 961 3575 ad
995 3515 1108 3574 modum

169 3618 383 3687 commentarii.
431 3631 528 3697 postea
566 3620 654 3681 tribus
689 3621 767 3681 libris
800 3622 835 3682 ab
871 3624 1108 3685 Aristotele

169 3728 336 3792 absolutum.
390 3727 435 3788 Cf.
474 3728 534 3807 ejus
560 3727 651 3807 Epist.
688 3750 792 3808 praem.
828 3732 995 3792 llousdii
1021 3733 1105 3812 Spcc.

168 3835 237 3898 Crit.
268 3839 295 3897 in
319 3837 446 3913 Plan,
487 3855 517 3913 p.
546 3836 598 3897 18.
