2602 4620
631 280 673 346 76

180 469 370 560 pistrinum,
392 461 561 530 detrudere
584 478 615 529 et
636 466 836 556 compingere
858 465 1044 534 studebant·
1057 471 1121 557 (l),

178 583 237 662 illia
259 581 470 668 cognitionem
494 603 600 645 rerum
626 582 789 656 concessit,
807 579 904 672 ‘quod
924 583 959 648 in
971 607 1006 648 ea
1018 584 1121 656 solum

179 697 222 764 illi
246 697 402 764 voluerint
422 696 603 779 elaborare3
630 698 846 764 tractationem
865 701 1117 786 remorationis,

181 838 264 904 quae
292 815 360 880 sine
389 811 440 878 illa
463 812 591 880 scientia
610 811 696 877 nulla
717 829 786 896 est,
818 815 934 880 oratori
955 839 1123 884 assumen-

179 928 253 999 dam
284 955 348 998 esse
378 928 493 996 duxit:
519 976 542 1010 „
557 926 619 995 hoc
638 928 767 1012 enim,’'
791 930 922 1020 inquit,
945 980 968 1014 ‚‚
981 925 1124 1023 estpro-

177 1047 286 1136 prium
307 1045 454 1127 oratoris,
478 1043 575 1110 oratio
596 1045 715 1129 gravis,
738 1059 923 1129 stomata,
956 1062 987 1111 et
1009 1045 1122 1114 homi-

179 1185 260 1229 num
284 1160 427 1225 sensibus
459 1180 495 1223 ac
521 1157 680 1222 mentibus
701 1155 943 1224 accommodata.
988 1160 1118 1248 Quibus

180 1273 221 1357 de
255 1275 350 1342 rebus
385 1269 654 1340 Aristotelem
697 1288 729 1336 et
773 1271 1125 1362 Theophrastum

182 1391 339 1483 scripsisse
360 1387 483 1454 fateor'’
512 1387 574 1474 (2).
780 1483 784 1487 ῃ
1064 1484 1067 1488 ‚

223 1507 377 1580 Universe
397 1500 605 1586 monendum,
628 1518 801 1594 utrumque
821 1504 910 1571 altius
930 1504 1120 1597 Platone„

179 1633 236 1723 qui
268 1626 501 1720 philosophiam
532 1631 588 1692 τῶν
614 1624 772 1713 ἐγκυκλίων
802 1627 981 1716 μαθημάτων
1007 1628 1116 1696 domi-

179 1773 254 1815 nam
287 1770 350 1813 csse
372 1743 505 1811 duxerat
525 1741 597 1831 (3),
636 1741 754 1809 evolare
777 1741 953 1828 studuisse,
976 1742 1122 1832 dissimili

179 1880 285 1930 tamen
302 1862 435 1950 ¹prorsus
456 1861 586 1942 ratione,
610 1859 866 1926 Ciceronem
887 1837 1121 1951 perfectoora-

181 1966 249 2049 tora
278 1975 504 2056 informando,
539 1975 810 2063 Aristotelem
843 1999 919 2044 vero
952 2002 1031 2046 nova
1053 1977 1118 2047 do·

181 2090 282 2174 ctrina
302 2097 469 2170 condenda
491 2107 525 2187 τῇ
567 2110 666 2190 πφωτῇ
691 2100 865 2191 φιλοσοφίᾳ,
892 2103 1117 2169 arecentiori-

179 2197 260 2307 hus,
303 2221 391 2315 quod
423 2223 498 2311 μετὰ
533 2224 571 2288 τὰ
597 2225 704 2313 φυσικὰ
738 2224 786 2293 vel
821 2224 892 2316 ὑπὲρ
933 2226 972 2291 τὰ
1008 2228 1116 2316 φυσικὰ

182 2318 352 2433 tractatur,
376 2348 553 2439 perspecturi
579 2347 664 2417 dicta
684 2349 756 2439 (4),
779 2375 877 2440 quam
901 2348 1119 2455 doctrinarum

182 2446 326 2546 omnium
364 2474 597 2547 καθολικωτοίτην
640 2478 713 2564 (5),
736 2479 945 2568 ἀρχικωτάτην
969 2478 1041 2570 (6),
1066 2502 1121 2545 ῃ.

182 2607 331 2691 μιωτοίτην
354 2601 422 2690 (7),
446 2602 547 2690 σοφίαν
571 2599 635 2691 περὶ
676 2603 715 2666 τὰ
749 2606 851 2692 πρῶτα
881 2602 961 2671 αἴτια
980 2601 1039 2667 καὶ
1066 2604 1119 2680 τὰς

181 2727 282 2816 ἀρχὰς
312 2724 379 2813 (8),
411 2727 500 2811 μόνην
524 2728 615 2795 αἴνεον
639 2725 729 2800 α’ὑτῆς
753 2729 855 2810 ἕνεκεν,
879 2742 932 2810 et,
956 2743 1120 2817 tamquam

184 2847 282 2913 οὐσίαν
306 2847 453 2929 ἀκίνητον,
475 2848 623 2913 omnibus
640 2849 805 2934 generibus
829 2865 861 2914 et
886 2851 1004 2915 naturis
1023 2875 1117 2918 com-

184 2995 313 3042 munem
341 2972 474 3061 (andelao
491 2979 594 3040 ποσῶν
608 2977 716 3065 κοινήν)
739 3001 802 3044 csse
822 2978 927 3047 voluit.
950 2976 998 3068 (9)

177 3130 180 3135 ·
227 3092 298 3159 lam
321 3092 543 3177 injuventute
579 3091 739 3175 Cicero,
764 3118 838 3160 cum
865 3118 1015 3181 magnum
1038 3097 1119 3187 quid

175 3358 181 3369 ·
224 3346 265 3422 (l)
296 3345 331 3404 dc
357 3342 436 3403 Orat.
468 3344 490 3420 l,
525 3347 572 3405 ll.
619 3347 659 3423 (2)
686 3347 726 3407 lb.
759 3368 785 3408 c.
810 3351 956 3410 tserts.
1002 3353 1115 3431 (nrt.

171 3455 216 3516 ·G.
258 3474 328 3515 von
357 3453 516 3530 deusde,
557 3455 619 3514 lnit.
649 3457 669 3522 l,
696 3477 726 3535 p.
757 3457 797 3518 sl
822 3473 850 3519 et
877 3461 910 3527 ΙΙ,
938 3461 971 3528 ll,
1002 3481 1032 3541 p.
1065 3464 1117 3522 5t.

173 3556 374 3638 illidet-1.
415 3561 434 3619 l.
481 3562 520 3637 (5)
551 3561 599 3634 111,
628 3563 656 3620 l.
703 3563 741 3637 (6)
767 3565 789 3640 l,
813 3564 842 3631 ἒ,
869 3584 898 3643 p.
924 3566 1054 3633 ssu-h.
1084 3571 1117 3629 l.

172 3670 223 3744 ·(·1)
255 3669 326 3730 Nic.
368 3669 415 3744 Vl,
449 3671 478 3728 t.
524 3666 563 3745 (8)
588 3669 666 3728 Met.
698 3672 718 3736 l,
752 3673 766 3730 l
793 3674 821 3732 in
846 3675 867 3732 l.
914 3675 953 3750 (9)
983 3675 1049 3736 Mat.
1082 3678 1116 3751 V,

170 3777 199 3834 ·l
234 3776 261 3835 in
288 3778 308 3834 s.
349 3776 392 3837 Cf.
431 3777 488 3836 Ph.
521 3777 555 3837 G.
583 3796 647 3837 van
671 3778 831 3858 Hnusdc,
859 3785 921 3844 lnit.
948 3773 1057 3860 11,'111,
1082 3804 1112 3866 p.

178 3882 217 3942 68
243 3901 305 3962 sqq.
330 3896 358 3942 et
385 3883 495 3943 Arist.
523 3885 594 3944 Nic.
622 3888 669 3963 Vl,
695 3890 724 3948 5.
