2602 4620
611 298 669 363 153

217 484 333 572 Quum
362 464 521 562 Caesar,
566 481 755 570 Pempejo
784 477 931 564 devicto,
966 481 1111 552 dictator

174 613 251 662 esset
269 596 484 677 renuntiatus,
507 594 654 660 Cicero
678 591 778 679 hujus·
795 610 899 683 partes
920 612 1010 662 antea
1021 621 1108 665 sem·

175 736 232 800 per
254 728 401 793 secutus,
433 726 567 795 urgente
588 709 790 791 necessitate,
816 733 889 776 eum
910 710 964 776 illo
981 713 1015 775 in
1034 736 1108 796 gra-

175 829 250 893 tiam
281 824 439 908 redierat‚
474 842 524 900 et,
562 848 603 890 ue
634 840 874 915 praepotentem
903 805 1111 893 Caesarem

176 941 298 1008 silentio
340 965 397 1008 suo
435 938 557 1006 laedere
601 939 780 1024 videretur,
825 941 957 1008 Attici
986 944 1112 1009 monitis

176 1057 347 1150 Epistolam
378 1081 432 1123 seu
458 1059 751 1140 Comnrentarium,
774 1059 809 1123 in
832 1083 898 1148 quo
921 1058 962 1125 de
985 1061 1114 1127 civitatis

176 1196 321 1238 ramanae
357 1174 578 1240 constitutione
609 1170 805 1239 emendanda
828 1175 953 1242 consilia
972 1178 1001 1240 ei
1025 1175 1113 1241 daret

178 1311 360 1375 novumque
393 1312 509 1354 munus
538 1289 763 1376 gratularetur,
787 1315 979 1380 componere
1007 1308 1112 1359 mente

178 1429 387 1504 conceperatt
413 1412 685 1501 „Euplieelevnair
707 1438 798 1508 saepe
818 1442 935 1486 conor:
961 1418 1041 1486 nihil
1057 1442 1113 1484 re-

178 1542 276 1632 perio:
302 1558 333 1606 et
352 1538 482 1629 quidem
502 1564 629 1607 meeum
654 1542 756 1607 habeo
779 1559 810 1607 et
836 1535 1036 1629 Ἀρις-οτέλους
1066 1541 1116 1631 (l)

180 1678 211 1725 et
242 1662 416 1746 Θεοπόμπου
448 1661 516 1751 πρὸς
548 1658 757 1749 Αλέξανδρον
790 1658 845 1727 sed
882 1659 961 1750 quid
991 1661 1117 1729 simile?

180 1775 254 1861 Illi,
291 1794 323 1843 et
357 1778 533 1866 quaeipsis
556 1777 826 1858 honestaessent,
859 1779 1061 1862 scribebant,
1086 1796 1117 1846 et

182 1910 267 1979 grata
292 1890 532 1958 Alexandro.
591 1883 719 1982 Ecquid
741 1908 775 1957 tu
799 1890 951 1977 ejusmodi
970 1896 1117 1981 reperis?

184 2009 266 2078 Mihi
298 2006 427 2098 quidem
464 2006 544 2072 nihil
566 2009 600 2072 in
617 2025 757 2073 mentem
776 2009 886 2073 venit''
911 2007 982 2096 (2);
1008 2026 1039 2075 et
1061 2008 1119 2077 alio

183 2126 251 2194 loeo
288 2124 359 2210 (3)=
410 2125 494 2206 „De
528 2122 666 2211 Epistola
701 2121 741 2188 ad
768 2110 994 2207 Caesarem,
1013 2128 1119 2212 jurato

183 2243 261 2307 mihi
297 2239 414 2322 crede,
440 2265 505 2305 non
529 2263 680 2328 possum3
713 2263 773 2306 nec
798 2265 848 2305 me
868 2241 1035 2331 turpitudo
1056 2243 1117 2309 de·
1213 2282 1220 2298 ·

186 2373 303 2439 terret,
338 2357 394 2421 etsi
425 2357 559 2420 maxime
590 2353 736 2420 debebat.
753 2392 796 2406 ·-
833 2354 896 2420 Sed
929 2358 963 2420 in
983 2375 1121 2424 mentem

187 2475 267 2540 nihil
286 2474 382 2539 venit.
428 2474 533 2553 Nam,
559 2494 640 2558 quae
664 2468 800 2535 suntad
822 2469 1038 2537 Alexandrum
1056 2473 1120 2540 ho-

188 2594 309 2657 minnm
345 2589 561 2676 eloquentium
592 2601 624 2651 et
646 2583 815 2653 doctorum
837 2590 1011 2672 suasiones,
1036 2588 1120 2657 vides
1219 2658 1221 2661 ,

190 2709 305 2797 quibus
328 2708 363 2770 in
385 2705 477 2768 rebus
501 2718 674 2771 versentur.
720 2700 982 2787 adolescentem,
1005 2708 1120 2780 incen-

190 2849 259 2888 sum
290 2817 462 2912 eupiditate
498 2819 668 2884 verissimae
699 2816 827 2904 gloriae,
861 2822 1042 2912 cupientem
1062 2825 1121 2890 sibi

190 2935 309 3028 aliquid
335 2935 452 3003 consilii
474 2934 565 3016 dari,
600 2932 689 3023 quod
712 2932 753 2999 ad
775 2933 897 3002 laudem
918 2939 1124 3027 senpiternam

192 3057 326 3139 valeret,
362 3054 568 3122 cohortantur
593 3050 633 3117 ad
660 3050 765 3119 decus.
811 3053 884 3118 Non
906 3050 994 3118 deest
1016 3057 1124 3124 oratio.

191 3176 258 3258 Ego
281 3171 359 3262 quid
385 3174 596 3264 pessumi—-
619 3167 736 3257 Quid?
772 3184 806 3234 tu
828 3192 894 3236 non
919 3169 1003 3236 vides
1022 3172 1126 3262 ipsum

193 3285 281 3353 illurn
318 3285 549 3352 Aristotelis
581 3283 794 3375 discipulum,
828 3309 953 3353 summo
975 3289 1123 3375 ingenio,

184 3463 419 3481 m

240 3570 280 3642 (l)
303 3567 514 3627 Aristotelis
548 3586 634 3645 opera
674 3568 787 3645 politica
812 3568 847 3626 ad
881 3567 1126 3631 Alexandrum

195 3678 272 3736 luere
308 3681 365 3755 περὶ
385 3679 541 3754 βασιλείας,
564 3687 633 3734 teste
653 3674 838 3733 Ammonio
860 3675 887 3732 in
911 3675 983 3752 vita,
1014 3689 1042 3737 et
1068 3688 1126 3761 περὶ

196 3790 363 3866 συμβουλίας.
402 3782 445 3842 (ll.
484 3783 580 3861 Diog.
618 3785 735 3841 Laert.
772 3783 807 3857 V,
834 3795 903 3842 sect.
933 3785 985 3846 nl.
1030 3788 1069 3866 (i)
1092 3790 1127 3848 ad

198 3894 266 3952 arr.
296 3893 358 3969 xri,
387 3893 441 3971 np.
468 3894 518 3952 aa.
565 3872 670 3969 (n'ru.
696 3891 768 3967 nni,
794 3890 848 3970 ep.
876 3892 927 3951 as.
