2602 4620
548 314 590 381 97

99 522 163 588 que
195 498 325 565 mutavi.
371 499 452 563 Nam
480 500 549 583 jam
582 495 707 563 dnobus
740 495 829 568 fantis
857 491 966 572 libris,
1001 484 1036 548 in

97 615 243 705 quibus,
286 611 525 680 novendialibus
547 667 549 671 Α
571 613 606 677 iis
635 610 741 691 sotiis,
773 633 854 700 quae
906 606 1039 672 luerunt

97 725 303 794 Tuditano
335 743 366 792 et
403 727 572 815 Aquilio
596 725 799 807 oonsulibus,
834 746 937 789 sermo
954 738 1038 787 esta

97 866 148 909 me
171 844 332 908 institutus
355 843 572 926 Africani,
597 841 702 933 paullo
730 856 803 907 ante
826 855 984 918 mortem,
1006 849 1040 901 et

96 959 249 1040 Laelii,
275 957 406 1040 Phili,
441 959 621 1039 Manilii,
657 959 704 1047 Q
737 955 970 1023 Tuberonis
1004 967 1038 1017 et
1147 975 1150 981 ’

95 1073 228 1140 Laelii
249 1097 453 1160 genet-ouum,
476 1075 624 1141 Fannii
645 1089 678 1139 et
701 1070 937 1139 Scaevolaez
967 1091 1040 1133 ser·

96 1210 149 1252 mo
169 1188 328 1253 antemio
348 1211 461 1257 novem
487 1204 518 1254 et
542 1186 608 1253 dies
631 1204 664 1253 et
684 1186 779 1254 libros
799 1185 987 1251 disttibutua
996 1179 1039 1247 de

94 1304 215 1391 optimo
237 1319 317 1370 statu
338 1306 470 1373 civitatis
494 1322 527 1370 et
548 1304 588 1370 de
607 1305 729 1392 optimo
752 1305 836 1369 nivea
860 1316 1035 1367 sanetexe-

94 1420 187 1485 batur
213 1444 294 1507 opus
326 1419 527 1502 luculenter,
564 1421 800 1510 hominumque
819 1416 954 1506 dignitas
972 1415 1034 1482 ali-

94 1551 248 1626 quantum
280 1539 414 1604 orationi
440 1535 591 1628 ponderis
628 1536 786 1602 afferebat.
804 1571 849 1586 -
880 1535 922 1599 Ηί
954 1531 1032 1598 libri

95 1676 167 1718 oum
186 1653 220 1717 in
243 1651 425 1719 Tusculano
443 1651 523 1716 mibi
541 1649 744 1738 legerentur,
777 1647 925 1714 audiente
945 1643 1035 1713 Sal-

94 1770 236 1852 lustio,
258 1767 438 1836 admonitus
455 1791 526 1833 snm
548 1767 588 1832 ab
612 1766 688 1847 illo,
709 1765 810 1832 multo
834 1767 952 1850 majore
972 1785 1034 1828 au-

94 1885 236 1952 ctoritate
265 1882 322 1956 illis
342 1880 384 1949 de
405 1883 500 1947 rebus
523 1880 587 1947 dici
611 1905 720 1972 posse,
743 1883 769 1947 si
789 1886 859 1970 que
879 1881 1034 1969 loquerer

93 1996 135 2063 de
163 2020 198 2062 re
220 1996 371 2087 publiea3
397 1998 581 2088 praesertim
601 2022 675 2064 cum
693 2019 789 2063 essem
814 2019 879 2062 non
909 1991 1033 2062 Hera-

95 2111 227 2179 clides
259 2113 466 2195 Ponticus,
499 2111 552 2177 sed
582 2111 750 2179 consularis
777 2128 810 2177 et
844 2113 889 2196 is,
913 2111 970 2202 qui
996 2111 1032 2176 in

61 2306 65 2311 ¹
94 2231 232 2296 maximis
254 2246 389 2296 versatus
408 2231 442 2294 in
459 2253 492 2294 re
505 2229 632 2322 publica
644 2232 740 2296 rebus
753 2253 861 2295 essem:
877 2251 959 2317 quae
968 2241 1034 2293 tam
1057 2224 1065 2238 ’
1100 2306 1102 2312 y

93 2343 232 2434 antiquis
268 2342 452 2409 bominibus
470 2345 695 2436 attribuerem,
718 2368 752 2409 ea
772 2345 873 2413 visum
896 2343 935 2408 iri
957 2339 1035 2408 {iota

93 2483 175 2525 esse:
212 2439 382 2525 oratorium
411 2483 587 2526 sermonem
619 2460 652 2523 in
688 2457 745 2524 illis
780 2458 893 2525 nostris
922 2456 1035 2537 libris,

93 2568 182 2662 quod
218 2589 296 2639 esset
322 2572 363 2638 ‹le
385 2580 503 2638 ratione
525 2569 676 2656 dicendi,
705 2571 785 2640 bello
805 2599 822 2636 a
846 2595 897 2637 me
924 2593 1035 2639 rento·

94 2692 194 2773 visae3
220 2687 259 2753 ad
282 2711 334 2754 eos
358 2705 462 2752 tamen
484 2687 623 2754 retulisse
641 2739 651 2770 ,
676 2714 755 2779 qttos
775 2691 841 2781 ipse
864 2685 1035 2755 vidissema

93 2803 364 2873 Aristotelem
404 2802 572 2898 denique,
616 2828 697 2894 quae
726 2803 767 2870 de
788 2829 822 2871 re
845 2804 971 2895 publiea
1001 2820 1036 2872 et

93 2934 269 3012 praestante
301 2921 368 2985 viro
390 2920 530 3002 scribat,
569 2924 676 3009 ojanum
706 2922 805 3010 loqui.
852 2918 1037 3011 Commovit

93 3061 163 3121 me,
195 3053 227 3102 et
256 3060 293 3102 eo
327 3037 443 3123 magis,
476 3033 564 3127 quod
589 3019 738 3102 maximos
772 3053 875 3104 motus
909 3051 1035 3103 nostrae

94 3151 223 3221 civitatis
252 3151 404 3237 attingere
437 3174 502 3216 non
521 3167 683 3242 poteram,
719 3146 807 3242 quod
830 3166 922 3218 erant
942 3147 1032 3217 inle-

93 3272 212 3353 riores,
234 3292 332 3359 quam
352 3267 476 3336 illorum
495 3286 595 3355 aetas,
620 3269 677 3360 qui
697 3269 921 3359 loquebantur.
965 3268 1035 3356 Ego

92 3398 200 3453 autem
230 3381 264 3448 id
299 3385 404 3474 ipsum
434 3401 502 3451 tum
532 3409 617 3452 eram
643 3402 783 3462 secutos,
809 3409 850 3452 ne
871 3386 905 3451 in
927 3398 1035 3451 nostra

93 3517 237 3587 tempora
259 3498 443 3595 inourrens,
465 3497 656 3567 offenderem
688 3501 881 3593 quempiam.
936 3499 1034 3564 Nune

95 3631 127 3680 et
167 3611 200 3678 id
224 3611 349 3695 vitabo,
387 3629 419 3677 et
439 3615 560 3702 loquar
582 3619 653 3704 ipae
678 3616 806 3682 tecum'’
824 3612 883 3700 (l).
927 3611 1031 3679 Novi-

99 3791 316 3809 m·

100 3970 104 3975 .
139 3909 180 3985 (1)
201 3908 249 3983 111,
271 3906 325 3984 Ep.
351 3905 382 3964 5.
