2602 4620
621 272 681 339 156

178 459 359 538 declarant,
403 457 530 523 refertae
570 456 833 548 philosophorum
861 462 1046 546 sententiis,
1084 481 1116 530 et

179 575 427 644 doctissimorum
450 573 617 639 homiuum
638 571 876 656 familiaritates,
900 577 1116 662 quibussem·

182 716 240 781 per
268 690 379 758 domus
410 705 512 758 nostra
535 687 663 769 floruit,
688 705 720 755 et
744 690 906 780 principes
929 689 994 772 illi,
1018 695 1113 761 Dio-

179 807 317 889 dotus,
346 805 481 881 Philo,
506 804 750 885 Antiochus,
785 804 1062 889 Posidonius,
1097 835 1114 872 a

179 926 296 1014 quibus
329 921 463 988 instituti
488 922 630 986 sumns’'.
675 921 743 987 Etsi
767 922 863 1007 igitur
885 922 1035 989 Cicero
1055 948 1113 1016 per

177 1065 271 1108 omne
301 1041 379 1105 vitae
412 1054 534 1126 tempus
556 1035 787 1124 philosophiam
811 1038 939 1101 minime
963 1038 1112 1126 neglexe-

178 1161 242 1238 rit,
265 1174 401 1224 cxtrema
425 1171 528 1220 tamen
549 1169 670 1234 aetate,
707 1177 772 1219 non
800 1154 904 1219 minus
935 1152 1112 1221 domesticis

178 1298 274 1364 quam
305 1275 349 1340 rei
381 1270 525 1360 publicae
560 1269 782 1338 calamitatibus
825 1294 1012 1361 oppressus,
1050 1297 1110 1339 nec

178 1387 312 1478 emplius
344 1386 519 1453 forensibus
551 1387 681 1471 negotiis
714 1402 908 1472 occupatus,
944 1404 1045 1454 totum
1079 1415 1110 1454 sc

176 1507 217 1575 ad
252 1505 486 1596 philosophiam
515 1503 621 1569 retulit
654 1520 686 1569 et
722 1502 762 1569 ad
793 1503 954 1571 scribendi
982 1528 1111 1596 operam

178 1649 272 1693 omne
297 1621 439 1689 studium
457 1643 632 1711 curamque
649 1622 803 1688 convertit
823 1620 883 1708 (l).

224 1744 298 1809 Non
329 1755 444 1807 sectam
464 1754 517 1805 aut
536 1753 666 1826 systema
687 1736 815 1827 aliquod
835 1737 972 1804 condere
991 1741 1109 1807 Cice-

177 1861 268 1927 roni
304 1855 540 1928 obversabatur,
575 1851 631 1919 sed
655 1849 852 1940 judicando,
876 1856 1111 1945 comparando,

176 1974 342 2042 contrarias
376 1970 541 2036 sententias
566 1965 795 2059 ponderando,
817 1971 921 2035 omnia
939 1970 1110 2057 illustrare,

176 2090 263 2179 quasi
283 2087 375 2153 flores
396 2110 413 2151 e
437 2083 564 2170 singulis
583 2084 756 2174 disciplinis
772 2110 901 2176 carpere
912 2086 971 2174 (2),
994 2113 1107 2179 popu-

175 2203 251 2268 lares
282 2222 352 2266 suos
383 2194 422 2263 ad
455 2196 668 2289 philosophiae
699 2197 801 2266 studia
837 2199 966 2267 colenda
987 2206 1107 2270 excita-

177 2343 211 2386 re
235 2316 308 2406 (3),
333 2315 460 2383 Graecis
482 2312 559 2381 adeo
581 2314 836 2406 philosophando
858 2319 950 2383 ctiam
972 2320 1110 2410 palmam

175 2435 356 2526 praeripere
380 2428 428 2518 (4)
451 2426 583 2495 studuit.
628 2429 737 2515 Magni
759 2429 835 2497 fecit
856 2431 1108 2521 disquisitiones,

176 2568 239 2616 tam
260 2547 412 2635 dejure,
437 2568 533 2635 quam
552 2542 593 2608 de
614 2543 742 2628 officiis3
769 2548 900 2614 maxime
912 2571 984 2615 vero
996 2552 1024 2616 ei
1036 2551 1108 2640 pla-

173 2667 239 2736 cuit
274 2662 323 2729 illa
354 2658 601 2754 philosophandi
636 2662 735 2743 ratio,
766 2686 847 2751 quac
879 2666 920 2729 ab
951 2690 1010 2731 usu
1031 2670 1108 2735 vitae

172 2781 315 2869 proximo
345 2779 484 2861 abesset,
510 2794 667 2864 quamut
692 2779 867 2863 inveniret,
897 2781 1104 2868 Platonis,

171 2891 410 2965 Aristotelis
440 2890 634 2981 aliorumque
652 2891 784 2982 placita,
809 2892 906 2962 modo
924 2921 1106 2986 congruen-

169 3015 232 3095 tia,
267 3007 363 3078 modo
396 3005 595 3090 dissidentia,
627 3009 710 3075 inter
738 3033 770 3075 se
802 3010 999 3080 contendens
1029 3016 1040 3102 (
1067 3022 1105 3104 ),

213 3236 253 3312 (l)
276 3235 311 3293 de
341 3234 395 3295 Off.
434 3237 469 3313 ΙΙ,
497 3241 524 3314 Ι,
555 3239 601 3303 ΙΙΙ,
635 3241 660 3300 1.
684 3238 736 3298 (ΙΙΙ.
765 3240 854 3300 Plut.
882 3242 910 3300 in
929 3245 1025 3304 vitae.
1046 3245 1108 3305 ὅθι

169 3347 193 3406 J.
224 3347 259 3404 Α.
281 3344 315 3405 C.
339 3365 405 3406 van
428 3346 587 3413 Hausde.
614 3346 650 3407 0.
673 3349 694 3407 Ι.
716 3369 746 3428 p.
780 3352 849 3410 ΙθΙ.
894 3351 934 3430 (Ι)
957 3354 992 3413 dc
1017 3355 1052 3414 N.
1069 3357 1105 3415 D.

170 3459 193 3531 Ι,
235 3459 265 3517 5.
304 3458 392 3517 head.
434 3459 468 3525 ll,
506 3459 537 3517 5.
564 3460 647 3519 Tusa.
669 3461 704 3536 ΙΙ,
731 3461 761 3519 Ι.
806 3464 904 3540 (blata
933 3464 995 3523 lin.
1019 3467 1041 3531 Ι,
1078 3471 1104 3526 Ι.

172 3566 260 3626 hcad.
287 3566 310 3640 l,
334 3567 364 3632 Ι,
391 3567 421 3643 ὅ,
448 3565 483 3625 de
508 3565 569 3625 Diu.
595 3567 617 3641 Ι,
647 3570 676 3627 Ι.
701 3568 755 3628 Cff.
785 3567 1000 3646 Schlosser,
1027 3571 1059 3632 0.
1084 3575 1103 3631 Ι.

171 3680 218 3756 ΙΙΙ,
264 3680 285 3745 Ι,
322 3699 352 3758 p.
386 3677 458 3754 200,
494 3678 619 3746 Stulta,
667 3680 702 3757 ll,
747 3702 777 3760 p.
811 3684 879 3742 ΙΙΙ.
923 3685 964 3760 (l)
992 3683 1103 3744 deou.

170 3787 194 3860 Ι,
229 3790 256 3864 Ι,
275 3787 323 3862 ΙΙΙ,
350 3788 401 3846 55.
445 3788 484 3864 (ὅ)
507 3788 596 3854 Acad.
625 3788 659 3864 ΙΙ,
687 3789 821 3858 att-tt,
849 3792 884 3852 dc
904 3793 966 3853 Fin.
993 3793 1029 3870 ll,
1051 3792 1105 3860 ΙΙ,

171 3897 253 3957 Tusa.
284 3897 317 3963 V,
356 3899 404 3972 ΙΙ,
430 3897 463 3956 de
492 3895 546 3956 ΟΙΙ.
572 3899 593 3974 Ι,
616 3900 646 3975 Ι,
670 3901 703 3975 ΙΙ,
735 3902 763 3959 t.
