2602 4620
625 308 688 376 160

189 496 413 581 Madvigius
438 514 548 577 negare
560 490 697 591 videtur,
722 489 1137 561 hoclibroAristotelis

189 613 302 705 placita
323 611 416 677 latere
436 609 497 695 (l);
523 624 692 699 utramque
700 608 784 674 enim
795 610 1020 696 quaestionem,
1036 637 1137 701 quam

189 751 331 794 summus
342 726 395 792 hic
409 726 466 791 Vir
478 724 582 788 minus
592 721 754 804 distinxit,
776 723 1089 790 Aristotelemue
1099 729 1136 793 in

190 843 272 909 libro
295 843 409 930 quinto
432 837 472 904 de
494 838 626 904 Finibus
648 853 772 904 secutus
794 838 1017 922 sitCicero,
1039 838 1133 925 lege÷

187 961 270 1024 sitne
300 950 368 1043 ejus
390 953 676 1033 Nicomachea,
714 953 844 1018 minime
869 952 1133 1020 confundendam

187 1097 249 1140 esse
271 1065 364 1139 duco.
386 1071 530 1137 Primum
555 1067 692 1159 quidem·
708 1067 796 1134 haud
820 1069 1003 1156 negligenda
1024 1094 1130 1158 pecu·

186 1189 265 1255 liaris
297 1187 509 1254 Ciceronis
542 1183 790 1276 philosophandi
809 1186 909 1264 ratio,
934 1211 1031 1274 quam
1056 1185 1130 1252 ideo

186 1306 220 1368 in
241 1303 402 1393 principio
423 1300 519 1386 hujus
542 1300 652 1389 capitis
673 1301 807 1366 maxime
828 1299 1055 1368 attendendam
1067 1327 1130 1369 esse

187 1421 311 1503 censui3
338 1442 419 1510 quae
436 1416 561 1486 scilicet
574 1419 652 1484 ratio
674 1418 819 1485 excitavit
843 1419 876 1484 in
893 1443 929 1486 eo
940 1422 1130 1489 acerrimum

97 1587 103 1599 ,
185 1535 282 1599 varias
315 1547 410 1599 sectas
442 1527 632 1597 conciliandi
662 1528 829 1615 studium,
865 1555 930 1620 quo
947 1531 1070 1617 sactum
1091 1551 1127 1598 ut

186 1649 383 1730 Platonis,
426 1644 668 1713 Aristotelis
701 1646 821 1732 singula
853 1646 985 1739 quidem
1012 1649 1128 1739 placita

186 1767 341 1850 attulerit,
361 1781 473 1832 totam
503 1787 576 1831 vero
605 1786 715 1828 eorum
748 1761 926 1830 doctrinam
950 1790 1128 1857 numquam

186 1883 405 1977 proposuerit3
442 1881 485 1945 ita
516 1895 575 1961 ut,
606 1875 695 1966 quod
720 1875 761 1943 de
786 1879 1015 1946 Aristotele
1036 1882 1126 1961 affir-¹

185 2001 280 2065 mavit
302 1995 555 2080 Madvigius,
578 1992 702 2059 nullum
721 1996 788 2080 ejus
810 1991 941 2081 dogma,
976 1995 1064 2086 quod
1087 1997 1127 2063 ad

183 2117 286 2202 ipsam
321 2108 552 2198 philosophiam
582 2109 776 2198 pertineret,
799 2109 906 2201 paullo
928 2113 1079 2202 copiosius
1108 2139 1126 2176 a

185 2231 394 2297 Cicerone
424 2223 517 2291 fuisse
538 2225 715 2314 expositum
741 2221 814 2315 (2),
849 2225 963 2293 eodem·
977 2229 1049 2312 jure
1083 2225 1125 2293 de

183 2345 366 2413 Platone
389 2337 580 2408 contendere
599 2363 770 2431 possemus.
809 2343 892 2407 Cum
915 2344 1009 2428 igitur
1033 2341 1120 2409 An„

183 2461 361 2530 tiochus
394 2454 601 2538 Academica,
635 2455 859 2547 peripatetica,
883 2459 984 2525 Stoica
1005 2458 1123 2549 placita

183 2577 393 2667 conjunxerit,
417 2575 518 2640 Piso
539 2589 642 2638 autem
667 2588 728 2636 tam
747 2598 764 2637 a
786 2574 936 2640 Stasea
952 2575 1120 2664 Peripate·

183 2701 255 2777 tice,
275 2718 372 2782 quam
393 2693 433 2757 ab
460 2692 522 2757 An
535 2688 745 2777 tiochol3)
769 2691 942 2775 institutus,
965 2689 1026 2757 hoc
1038 2690 1120 2758 libro

181 2829 331 2896 tanquam
355 2829 486 2893 persona
523 2803 692 2870 inducatur
716 2801 787 2893 (4),-
821 2829 887 2871 non
912 2807 1030 2871 mirum
1052 2807 1118 2872 Ci-

183 2923 336 2994 ceroni
368 2919 641 2986 Antiochum
676 2920 925 3010 philosophum.
962 2946 1060 3010 quem
1084 2923 1119 2986 in

182 3044 243 3108 huc
267 3037 484 3127 disquisitione
505 3053 712 3126 sequeretur,
732 3038 865 3113 maxime
890 3035 1041 3104 idoneum
1065 3039 1118 3103 vi-

181 3181 250 3223 sum
282 3177 370 3237 esse3
409 3150 498 3240 quod
524 3151 573 3216 his
605 3154 766 3218 Cottae
788 3153 821 3217 in
845 3151 929 3220 libro
949 3152 990 3217 de
1010 3155 1118 3218 Natu-

181 3298 214 3338 ιη
248 3273 386 3336 Deorum
420 3267 468 3354 (5)
501 3269 603 3335 verbis
625 3268 787 3357 imprimis
800 3267 947 3335 illustrari
969 3268 1117 3337 videtur:

170 3395 423 3413 ..ρ’-Ἀ

185 3438 195 3467 ”
223 3450 262 3525 (l)
292 3443 368 3503 Haec
401 3458 511 3521 quoque
551 3439 602 3498 suit
626 3439 803 3498 Kuehneri
825 3441 960 3500 sententia
980 3440 1016 3500 dc
1038 3440 1119 3521 hujus

181 3544 267 3643 quino
291 3555 354 3621 uun
382 3551 584 3632 disputatione,
614 3549 650 3610 o.
679 3551 698 3609 ι.
723 3570 753 3629 p.
784 3551 854 3609 rm.
899 3551 938 3628 (u)
961 3549 1031 3623 naa.
1056 3550 1115 3615 vn,

179 3694 210 3752 p.
236 3670 308 3729 856.
353 3667 392 3744 (ὅ)
416 3665 450 3723 de
480 3663 543 3721 rin.
570 3662 604 3728 V,
627 3664 658 3722 5.
703 3665 742 3740 (4)
765 3663 985 3724 Ciceroncm
1008 3681 1118 3740 semper

179 3779 307 3855 religioso
349 3791 550 3853 personarum,
580 3790 649 3850 quas
680 3771 808 3841 induxit,
831 3770 952 3832 indolem
974 3773 1115 3840 tenuisse,

178 3903 241 3944 cum
264 3902 299 3942 ex
326 3882 386 3939 aliis
413 3881 549 3960 dialogis,
572 3895 631 3942 tum
653 3858 772 3943 maxime
794 3900 828 3943 cx
849 3882 927 3943 libris
955 3884 990 3944 dc
1004 3882 1119 3944 Oratore

175 3978 299 4072 upparct.
345 3988 384 4064 (5)
406 3987 429 4063 1,
456 3989 486 4046 7.
832 3969 835 3975 ’
