2602 4620
656 309 720 390 122

216 520 285 583 tos,
316 523 417 567 unum
448 499 484 564 in
513 497 621 567 lorum
649 493 804 575 conduxit
828 492 1100 586 Aristoteles,
1122 509 1171 559 et.

215 615 401 708 nominatim
432 600 600 704 cujusque
626 627 793 705 praecepta
831 633 943 698 magna
976 609 1153 701 conquisita

215 757 291 815 cura
315 731 483 824 perspicue
503 730 709 835 conscripsit,
730 745 828 818 atque
850 725 983 809 enodata
1000 723 1151 813 diligen-

216 866 264 917 ter
282 846 441 940 exposuit:
466 870 503 914 ac
527 861 650 922 tantum
670 844 891 922 inventoribus
914 842 990 935 ipsis
1006 842 1154 908 suavitate

214 978 246 1030 et
277 963 431 1032 brevitate
467 958 596 1029 dicendi
625 959 804 1054 praestitit,
851 974 888 1024 ut
915 981 1011 1047 nemo
1029 955 1154 1024 illorum

215 1094 384 1172 praecepta
406 1078 608 1169 exipsorum
631 1055 719 1153 libris
750 1091 935 1177 cognoscat,
960 1071 1017 1152 sed
1035 1096 1156 1152 omnes,

213 1194 289 1285 wi.
309 1191 399 1284 qrrod
428 1191 474 1259 illi
506 1193 729 1284 praecipiant,
766 1191 867 1263 velint
901 1188 1094 1277 intelligere,
1116 1185 1156 1255 ad

174 1364 177 1371 .
208 1290 326 1401 w„
347 1307 438 1396 quasi
457 1304 497 1375 ad
522 1304 685 1399 quendam
710 1303 956 1385 commodiorem
979 1300 1156 1395 explicato-

198 1444 284 1505 ,ξω
298 1437 540 1510 ,revertantur
576 1425 686 1515 Atque
706 1422 760 1491 hie
783 1419 916 1516 quidem
934 1422 1021 1519 ipse,
1043 1436 1078 1496 et
1097 1441 1159 1485 sese

131 1598 138 1611 .
216 1540 325 1631 ipsum
348 1539 459 1633 noitis,
481 1555 515 1605 et
535 1562 608 1622 eos,
631 1539 689 1629 qui
712 1554 785 1609 ante
803 1561 836 1616 se
857 1537 1007 1620 fuerant,
1032 1536 1068 1602 in
1087 1556 1160 1603 me·

218 1631 273 1753 dio
293 1657 425 1750 posuit,
450 1671 486 1723 ut
508 1672 541 1722 et
565 1673 682 1724 ceteros
704 1670 737 1722 et
757 1678 789 1721 se
812 1655 918 1746 ipsum
940 1675 999 1740 per
1032 1675 1066 1718 se
1100 1674 1158 1720 eo-

218 1772 461 1859 paenam
486 1769 546 1862 (1)·
1090 1856 1091 1860 a

263 1888 379 1979 Quum
401 1888 553 1957 Cicero
574 1889 609 1953 in
632 1885 721 1954 libris
743 1882 784 1952 de
807 1889 942 1956 Oratore
959 1883 1007 1975 (2)
1026 1884 1162 1978 optimos

220 2001 287 2100 jam
308 2015 444 2067 oratores
465 1998 553 2093 apud
576 2001 714 2068 Graecos
747 2023 822 2067 cum
852 1999 999 2067 Romanis
1029 2022 1164 2091 compa·

219 2127 313 2176 nasset
349 2134 523 2202 eorumque
558 2112 713 2182 diversam
733 2113 872 2182 indolem
895 2116 1043 2206 variaque
1061 2111 1164 2181 studia

220 2226 356 2296 strictim
386 2224 575 2313 indicasset,
610 2231 713 2322 operis
742 2228 783 2296 de
813 2231 911 2301 Claris
956 2231 1166 2313 Oratoribus,

223 2347 314 2434 eujus
346 2346 571 2425 conscribendi
601 2364 711 2419 auctor
743 2352 770 2415 ei
803 2352 976 2427 Atticus
999 2351 1084 2437 fuit,
1107 2377 1164 2419 ar·

224 2443 412 2550 gumentum
445 2462 614 2529 arctissime
649 2466 859 2551 conjunctum
887 2489 950 2532 esse
968 2446 1066 2535 ‘voluit
1089 2492 1167 2552 cum

226 2601 286 2665 eo,
320 2576 410 2672 quod
441 2578 474 2645 in
495 2577 549 2646 illo
579 2602 677 2670 opere
697 2596 729 2647 et
749 2581 784 2648 in
805 2584 939 2649 Oratore
963 2585 1022 2650 sibi
1046 2585 1167 2675 exqui-

226 2689 366 2759 rendum
391 2709 619 2783 proposuerat,
643 2710 780 2762 oratores
803 2693 1000 2784 dijudicare,
1035 2698 1169 2791 quando

230 2799 294 2872 esse
320 2806 515 2896 coepissent,
538 2810 596 2897 qui
617 2811 710 2876 etiam
731 2828 762 2878 et
788 2812 893 2904 quales
913 2814 1069 2900 fuissent3
1095 2842 1168 2884 me·

232 2917 354 2988 diecret
385 2921 471 2987 enim
505 2946 571 2989 non
600 2926 705 2992 minus
739 2952 835 3019 quam
874 2933 1009 3022 optimos
1038 2951 1175 3005 oratores

233 3059 357 3104 summo
378 3037 524 3104 acumine
543 3062 730 3128 recensens,
753 3042 881 3112 dicendi
904 3065 1071 3143 praecepta
1095 3075 1172 3118 cum

234 3149 295 3217 hac
327 3168 486 3220 oratorum
516 3159 749 3226 enumeratione
781 3164 999 3250 conjungens,
1026 3165 1110 3231 viam
1130 3165 1175 3233 ad

237 3264 418 3354 perfectum
443 3284 598 3338 oratorem
616 3275 651 3338 in
675 3298 731 3343 suo
757 3278 891 3345 Oratore
912 3278 1103 3369 fingendum
1111 3281 1175 3352 hoe

235 3404 331 3472 opere
354 3381 412 3449 sihi
434 3386 565 3455 stravit:
620 3439 641 3474 „
655 3391 769 3480 Quam
793 3393 1088 3481 Aristoteles,’'
1111 3400 1175 3483 ait,

278 3675 319 3752 (i)
342 3676 378 3738 de
415 3679 474 3738 lnv.
511 3680 545 3747 ll,
582 3680 615 3740 2.
647 3680 694 3742 cf.
735 3683 804 3745 Cic.
839 3687 938 3750 Brut.
968 3709 996 3751 c.
1022 3691 1060 3750 tt
1086 3691 1176 3754 etde

237 3779 319 3946 prat.
342 3785 377 3862 11,
409 3785 459 3863 58,
486 3789 557 3868 disp.
579 3809 609 3851 n.
639 3811 668 3870 p.
700 3791 751 3860 26,
779 3793 831 3856 et.
877 3798 917 3874 (i)
942 3799 1175 3880 immam,

257 3930 267 3964 ,
296 3890 327 3950 8.
