2602 4620
601 321 662 389 lta

175 509 328 573 immunes
353 528 418 572 esse
439 507 579 573 censet’'.
602 541 646 555 -
676 506 836 569 Praeterea
867 496 1112 569 Aristotelea

172 647 224 692 eos
242 623 468 715 philosophos,
493 625 548 713 qui
569 621 661 688 unice
683 621 836 708 optimam
857 641 925 683 rem
934 615 1107 709 publicam,

176 765 256 833 quae
278 757 382 806 mente
401 737 531 828 quidem
554 737 633 825 fingi
656 729 799 829 poterat,
823 735 855 798 in
878 756 984 798 rernm
998 746 1108 824 natura

174 880 248 923 vero
268 857 381 922 frustra
402 859 630 947 quaerebatur,
655 856 757 922 verbis
775 853 945 946 depingere
957 851 1107 938 sibipro·

173 990 364 1062 posuerant,
379 960 526 1040 ‘maxime
546 977 713 1061 exagitans,
727 976 794 1042 viro
807 973 972 1062 politicoet
981 970 1106 1055 legum·

172 1097 261 1161 latori
284 1100 335 1166 nir
360 1098 391 1162 ἐκ
407 1105 464 1164 τῶν
479 1099 670 1187 ὑποκειμένων
683 1101 791 1188 cipri-ar
803 1113 834 1162 et
846 1100 897 1167 τὴν
911 1093 943 1172 ἐξ
953 1093 1107 1166 ὑποθέσεως

175 1221 282 1307 cipri-ur
306 1223 514 1317 respiciendas
535 1248 620 1309 esse3
646 1224 705 1321 hac
729 1248 803 1291 vero
823 1224 918 1288 trium
940 1217 1107 1308 reipubli-

175 1359 228 1401 cae
259 1341 345 1426 quasi
367 1338 522 1426 graduum
545 1343 774 1433 comparatione
789 1337 1024 1425 legumlatorem
1045 1359 1109 1423 op·

176 1454 249 1518 time
268 1453 396 1543 alicujus
416 1457 546 1523 civitatis
573 1458 652 1523 vitiis
677 1453 794 1522 mederi
817 1477 905 1545 posse
931 1452 1023 1517 duxit
1048 1451 1108 1534 (l).

180 1570 443 1654 Aristoteles,
473 1597 594 1638 causam
606 1574 728 1661 imperii
739 1572 870 1638 maxime
881 1590 1033 1660 quaerens
1046 1565 1107 1652 (2),

177 1683 319 1750 distinxit
338 1686 416 1752 adeo
433 1690 502 1772 jam
523 1688 628 1776 aliquo
640 1686 735 1753 modo
748 1702 808 1752 tres
821 1701 1008 1774 potestates,
1031 1681 1112 1765 legi·

180 1813 300 1892 feram,
336 1826 584 1901 exsequentem,
613 1807 834 1895 judiciariam:
870 1796 927 1869 Ἕν
952 1806 1004 1892 μέν
1029 1829 1055 1868 τι
1083 1805 1114 1868 τὸ

180 1933 381 2021 βουλευόμενον
410 1931 551 2021 περὶτῶν
576 1938 677 1997 κοινῶν
694 1933 761 2022 (3),
788 1927 919 2018 δεύτερον
945 1927 978 1994 δὲ
1004 1930 1035 1994 τὸ
1050 1929 1114 2020 περὶ

181 2060 233 2131 τὰς
262 2061 360 2148 ἀρχάς
390 2051 487 2144 (τοῦτο
514 2050 608 2132 δ’ἑςίν
633 2057 667 2130 ἃς
688 2054 797 2122 δεῖκαὶ
813 2057 895 2121 τίνων
910 2054 980 2119 εἶναι
1002 2050 1114 2144 elipsim,
1207 2088 1215 2101 ·

180 2181 229 2246 uoti
255 2184 339 2248 ποίαν
365 2185 429 2247 τινὰ
458 2180 509 2247 δεῖ
530 2184 665 2270 γίγνεθαι
692 2185 743 2252 τὴν
769 2190 877 2272 αἵρεσιν
903 2171 1033 2268 αὐτῶν),
1050 2180 1116 2270 τρί-

181 2331 228 2371 τον
253 2304 288 2370 δέ
314 2330 339 2371 τι
366 2307 398 2371 τὸ
423 2303 546 2384 δικάζον
571 2295 635 2394 (ll).

226 2422 400 2506 Cicero,
437 2424 493 2510 qui
527 2424 595 2511 ipse
631 2446 760 2512 quoque
779 2423 903 2511 optImis
925 2425 1025 2508 gentis
1049 2447 1119 2490 suae

182 2539 329 2604 institutis
351 2535 499 2624 eligendis
521 2554 552 2602 et
576 2562 649 2604 cum
675 2539 902 2630 Spartanorum
922 2550 954 2604 et
977 2540 1115 2606 Cartha-

182 2655 371 2739 giniensium
398 2678 504 2720 rerum
533 2653 733 2742 publicarum
754 2652 966 2746 descriptione
985 2681 1118 2746 compa·

184 2768 290 2834 randis
321 2771 387 2858 (5),
427 2787 546 2859 septem
573 2773 766 2842 saeculorum
787 2775 857 2842 fatis
880 2775 1117 2865 dijudicandis,

184 2909 251 2951 rem
284 2885 457 2978 publicam¹
476 2912 564 2955 suam
598 2889 760 2974 condidit,
797 2902 863 2959 non
899 2896 1002 2960 minus
1022 2921 1119 2984 quam

186 3005 447 3091 Aristoteles,
484 3011 517 3072 in
540 3010 728 3076 Laconicam
747 3034 814 3076 rem
836 3009 1017 3100 publicam,
1043 3009 1119 3078 duas

185 3122 227 3187 ob
260 3147 362 3189 causas
394 3124 549 3208 maxime,
582 3123 766 3210 invehitur3
804 3126 944 3215 primum
968 3129 1041 3218 quia
1063 3153 1119 3195 rer

229 3295 269 3368 (1)
297 3294 359 3352 ΡοΙ.
395 3296 432 3353 lV
467 3297 525 3355 init.
560 3297 607 3357 Cf.
645 3299 781 3367 Ritter,
812 3300 965 3368 0.1.111,
995 3322 1025 3378 p.
1046 3304 1118 3362 558.

189 3402 228 3479 (⁹2)
261 3400 342 3461 Rhet.
385 3403 407 3479 l,
446 3404 477 3479 1,
502 3424 531 3482 p.
561 3406 650 3482 1560,
673 3426 700 3466 a.
728 3409 764 3467 19
792 3428 854 3488 sqq.
883 3409 956 3469 Cull.
983 3410 1056 3469 Cic.
1087 3413 1122 3471 dc

188 3509 268 3569 Orat.
305 3511 326 3576 1,
362 3511 402 3570 ol
431 3512 458 3571 in
483 3513 504 3570 s.
550 3515 590 3592 (5)
613 3515 695 3575 llhet.
723 3517 745 3584 1,
766 3517 786 3576 8
811 3517 871 3576 init.
894 3518 959 3576 Vid.
987 3516 1059 3578 Cic.
1086 3521 1121 3580 dc

188 3621 268 3680 ora.
309 3621 344 3696 rr,
386 3639 411 3680 e.
444 3621 495 3697 aa,
521 3622 543 3704 g
571 3625 640 3684 aar.
685 3613 801 3705 (urar.
826 3627 873 3702 tv,
907 3628 1038 3687 rr-ro.
1067 3629 1120 3689 cr.

188 3730 361 3797 Raumcr,
399 3729 435 3791 Ο.
465 3732 485 3789 l.
512 3752 542 3810 p.
567 3734 615 3810 18,
642 3735 780 3811 llitter,
805 3733 840 3795 Ο.
871 3736 891 3794 l.
919 3736 966 3811 lll,
993 3758 1023 3817 p.
1051 3739 1121 3808 sot,

190 3840 317 3917 Teum,
350 3838 385 3900 0.
417 3841 437 3899 l.
465 3842 513 3917 111,
544 3862 572 3918 p.
600 3843 672 3902 515.
717 3845 755 3921 (5)
780 3845 813 3904 dc
843 3845 914 3925 Rep.
947 3847 980 3916 ll,
1004 3849 1054 3910 025.
1076 3851 1119 3912 Cs.

191 3949 296 4009 Arist.
320 3951 380 4011 Pol.
403 3951 438 4026 ll,
470 3954 517 4010 ll.
