2602 4620
645 321 707 390 120

132 485 137 490 ’
206 509 247 574 ita
286 490 442 573 Cicero
473 529 569 576 novae
600 507 668 592 ejus
703 505 882 574 tractandae
906 511 1036 577 rationis
1059 512 1147 604 apud

207 625 363 690 Romanos
385 639 494 690 auctor
517 622 597 706 fuit3
626 624 783 690 Romanos
810 625 917 710 enim,
942 628 998 717 qui
1018 627 1145 694 annali-

207 739 270 806 bus
286 737 521 806 conscribendis
545 754 646 806 totum
670 738 814 806 historiae
834 765 952 809 munus
966 742 1145 811 absolutum

205 876 270 922 asse
302 854 543 937 existimabant,
575 855 730 940 exagitans
763 853 833 941 (1),
868 858 1028 942 Graecos,
1076 858 1144 926 elo·

207 970 369 1059 quentiam
388 995 462 1036 cum
484 969 609 1036 historia
635 971 886 1058 conjungentes,
910 976 1044 1040 maxime
1065 977 1141 1040 imi-

206 1081 320 1152 tandos
346 1108 411 1150 esse
445 1099 569 1151 censet:
618 1084 726 1170 „Age
746 1108 840 1171 vero,
879 1089 986 1180 inquit
1008 1091 1142 1157 Anto-

205 1201 310 1266 nius
334 1199 404 1286 (2),
446 1198 545 1291 qualis
569 1202 714 1277 oratoris,
748 1218 781 1267 et
801 1205 913 1292 quanti
937 1203 1076 1272 hominis
1108 1209 1142 1273 in

203 1312 366 1397 dicendo,
400 1333 491 1403 putas
509 1337 597 1398 esse,
620 1315 781 1384 historiam
800 1320 969 1388 seribere?
1027 1321 1084 1404 Si,
1109 1340 1143 1389 ut

204 1437 319 1506 Graeci
340 1437 553 1526 scripserunt,
576 1438 714 1517 summi,
736 1436 843 1526 inquit
864 1437 1068 1506 Catulus:
1096 1440 1142 1521 si,

118 1596 125 1607 .
203 1565 241 1615 nt
273 1552 393 1628 nostri,
427 1549 508 1617 nihil
535 1574 615 1643 opus
648 1566 695 1619 est
721 1568 863 1620 oratore:
889 1554 960 1619 satis
982 1571 1051 1639 est,
1073 1579 1139 1622 non

202 1689 266 1734 esse
285 1665 480 1736 mendacem.
500 1704 545 1716 -
565 1667 667 1733 Nemo
685 1667 771 1732 enim
803 1666 910 1735 studet
944 1669 1141 1761 eloquentiae

201 1802 383 1855 nostrorum
412 1783 602 1869 hominum,
637 1784 697 1850 nisi
732 1800 768 1850 ut
798 1788 832 1851 in
869 1789 965 1854 causis
987 1805 1085 1878 atque
1105 1793 1138 1856 in

203 1904 274 1972 foro
307 1903 446 1970 eluceata
477 1900 563 1996 apud
600 1902 737 1969 Graecos
770 1918 875 1971 autem
894 1904 1140 1995 eloquentissimi

200 2019 365 2100 homines,
384 2020 496 2085 remoti
516 2045 532 2083 a
557 2021 653 2085 causis
674 2018 872 2104 forensibus,
896 2046 999 2111 quum
1017 2020 1058 2088 ad
1079 2046 1154 2095 ce-0

200 2151 281 2200 teras
315 2156 363 2199 res
393 2120 546 2217 illustres,
589 2149 656 2199 tum
685 2130 725 2198 ad
757 2134 958 2203 scribendam
978 2137 1135 2204 historiam

199 2253 334 2318 maxime
364 2274 397 2317 se
428 2250 700 2341 applicaverunt.''
757 2249 856 2340 Quod
889 2278 1011 2345 quum,
1040 2252 1135 2320 allatis

198 2369 385 2459 principum
405 2368 600 2436 Graecorum
620 2365 843 2434 historicorum
853 2369 1026 2460 exemplis,
1051 2394 1133 2439 oon-

200 2485 354 2554 firmasset
389 2484 619 2552 Antonius:
669 2480 857 2566 „Videtisne
870 2486 905 2567 ‚'’
934 2486 1038 2575 inquit
1061 2483 1134 2573 (3),

200 2621 385 2695 „qnantum
406 2625 521 2670 munus
549 2602 589 2667 sit
610 2607 736 2668 oratoris
759 2601 916 2671 historia?
941 2601 1034 2670 Haud
1044 2605 1133 2689 seio,

199 2746 240 2786 an
261 2720 406 2786 -llumiue
437 2719 606 2800 orationis,
632 2733 664 2782 et
687 2719 830 2785 varietate
852 2722 1046 2806 maximum3
1069 2745 1133 2788 ne·

198 2859 264 2925 que
293 2850 397 2900 tamen
425 2857 493 2898 eam
518 2834 644 2924 reperio
667 2857 800 2924 usquam
818 2837 983 2926 separatim
1010 2837 1131 2904 instru-

198 2966 283 3019 ctam
300 2947 464 3016 rhetorum
478 2949 660 3040 praeceptis.
670 2985 716 3000 -
737 2952 818 3016 Nam
831 2953 903 3039 quis
915 2952 1033 3037 nescit,
1058 2956 1132 3041 pri·-

199 3092 285 3134 nram
315 3090 380 3133 esse
411 3066 554 3131 historiae
585 3065 704 3152 legem,
747 3090 788 3131 ne
821 3065 901 3157 quid
935 3068 1002 3135 salsi
1028 3067 1135 3138 diacre

198 3181 340 3250 audeat?
373 3180 489 3248 deinde
511 3207 551 3248 ne
574 3181 655 3273 quid
679 3184 744 3249 veri
766 3206 832 3249 non
856 3181 994 3253 audeat?
1014 3209 1131 3278 nequa

185 3305 332 3396 suspicio
352 3304 464 3390 gratiae
475 3302 516 3368 sit
528 3301 766 3370 inscribendo?
790 3304 1131 3393 nequasimultatis'’?

243 3422 327 3488 llaec
349 3421 450 3509 prima
475 3418 618 3486 historiae
653 3417 723 3499 lex,
752 3441 865 3484 veram
892 3445 914 3486 a
935 3422 1035 3506 salso
1071 3422 1129 3491 di·

183 3590 424 3621 ‘nu-..m-

235 3711 276 3786 (l)
299 3709 335 3769 de
363 3708 443 3769 Orat.
474 3708 509 3783 ll,
541 3707 588 3786 lb,
613 3708 648 3769 de
673 3707 758 3786 Legg.
785 3711 808 3785 1,
842 3711 873 3769 9.
920 3705 958 3786 (⁹2)
983 3713 1017 3772 da
1045 3711 1123 3771 Orat.

194 3818 231 3890 n,
262 3818 308 3885 aa,
335 3818 382 3877 aa.
428 3819 468 3895 (a)
494 3818 564 3877 rua.
593 3837 619 3879 a.
643 3819 691 3880 ra.
718 3813 770 3877 or.
799 3818 879 3881 ora.
904 3835 930 3881 e.
962 3823 1124 3901 romam.

190 3947 216 3988 o.
248 3926 288 3984 45
310 3924 337 3984 in
361 3926 383 3986 s.
1111 3958 1116 3964 ·
