2602 4620
655 267 697 333 52

206 453 374 542 junctione
402 450 451 518 vel
485 448 699 538 disjunctione
735 446 898 514 affirmatio
919 464 973 516 aut
1000 454 1149 540 negatio,

211 568 259 637 vel
280 592 364 651 vera,
388 567 436 634 vel
459 567 554 650 falsa,
577 573 710 644 ueritas,
741 582 777 632 ιιι
800 568 843 632 ita
865 564 992 654 dicam,
1017 574 1150 662 logica,

210 686 284 751 miri
305 684 434 750 demum
452 700 556 775 potest
578 683 638 772 (l)
677 685 760 751 Hinc
783 707 914 773 quoque
938 685 1084 754 Cicero
1103 687 1153 774 (2)

208 799 400 868 dialecticam
425 798 649 886 praedicavit,
687 815 831 883 „artem
868 801 1013 868 omnium
1035 803 1153 871 artium

207 918 397 997 maximam,
426 916 515 1005 quasi
543 914 646 983 lucem
677 912 717 979 ad
746 937 800 996 ea,
835 938 916 1003 quae
947 915 1079 982 confuse
1109 917 1151 983 ab

209 1031 273 1097 aliis
300 1044 354 1094 οιιι
375 1027 672 1118 respondebantur,
701 1043 755 1092 aut
774 1028 970 1113 agebantur,
990 1065 1037 1085 --
1069 1058 1154 1124 quae-

210 1143 337 1211 doceret
355 1167 423 1208 rem
444 1143 621 1210 universam
648 1142 792 1207 tribuere¹
809 1143 843 1206 in
855 1158 977 1232 partes,
999 1143 1152 1213 latentem

210 1257 367 1349 explicare
388 1255 596 1335 definiendo,
619 1258 785 1324 obscuram
806 1257 974 1348 explanare
984 1260 1150 1351 interpre-

212 1374 331 1459 tand03
357 1376 500 1461 ambigua
520 1376 662 1464 primum
686 1373 813 1458 videre,
836 1373 952 1442 deinde
972 1375 1150 1465 distingue-

212 1515 271 1576 re3
296 1506 455 1583 postremo
479 1489 594 1556 habere
617 1490 780 1576 regulam,
814 1517 877 1582 qua
900 1515 970 1559 vera
1005 1508 1038 1559 οι
1070 1492 1144 1560 salsa

213 1606 553 1695 dijudicarentur,„et
587 1630 687 1696 quae,
726 1598 847 1696 quibus
880 1607 1006 1694 positis,
1029 1624 1153 1693 essent,

215 1749 360 1816 quaeque
383 1748 448 1791 non
472 1741 575 1790 essent
604 1724 862 1810 consequentia.''

214 1886 217 1893 .
260 1845 382 1927 ;,Cnm
416 1841 518 1907 omnis
553 1839 632 1904 ratio
665 1835 797 1922 diligens
817 1835 988 1904 disserendi
999 1842 1034 1922 ,'’
1055 1857 1093 1906 ιιι
1113 1841 1154 1906 ait

215 1958 358 2022 Cicero
384 1953 456 2042 (3),
489 1953 603 2036 „duas
634 1951 748 2017 habeat
781 1969 904 2041 partes,
939 1978 1036 2018 unam
1059 1955 1153 2022 iuve-

216 2067 350 2155 niendi,
373 2067 499 2132 alteram
514 2064 706 2154 judicandi:
732 2068 898 2159 utriusque
920 2070 1090 2158 princeps,
1118 2084 1155 2135 ut

216 2185 296 2252 mihi
331 2181 463 2272 quidem
486 2180 634 2265 videtur,
669 2183 914 2249 Aristoteles
939 2184 1010 2251 suit.
1055 2183 1155 2252 Stoici

215 2317 320 2366 autem
340 2301 374 2363 in
393 2297 486 2365 altera
506 2297 752 2367 elaboraverunt.
797 2299 815 2362 J
819 2296 966 2364 udicandi
987 2299 1072 2364 enim
1093 2298 1156 2364 vias

216 2423 382 2511 diligenter
410 2425 565 2515 persecuti
593 2439 689 2504 sunt,
724 2445 757 2486 ea
777 2423 927 2506 scientia,
963 2447 1059 2512 quam
1080 2419 1156 2486 δια-

216 2549 348 2618 λεκτικὴν
380 2545 551 2640 appellant.
604 2545 790 2612 inveniendi
815 2569 887 2612 vero
909 2560 1040 2628 artem,
1073 2569 1155 2635 quae

216 2676 319 2743 τοπικὴ
346 2671 484 2748 dicitur,
520 2689 665 2756 quaeque
699 2663 739 2729 ad
778 2688 870 2730 usum
890 2665 994 2754 potior
1015 2681 1102 2747 erat,
1121 2680 1154 2731 et

213 2788 325 2852 ordine
350 2800 480 2848 naturae
507 2797 591 2847 certe
610 2780 719 2870 prior,
751 2795 847 2844 totam
859 2777 1067 2868 reliquerunt.
1089 2782 1153 2847 Nos

214 2918 341 2981 autem,
364 2897 515 2985 quoniam
536 2896 570 2958 in
593 2910 727 2983 utraque
752 2917 874 2958 summa
894 2893 1005 2960 utilitas
1027 2911 1099 2977 est,
1122 2910 1153 2961 et

215 3036 404 3108 utramque,
439 3015 464 3078 si
497 3015 555 3078 erit
574 3014 694 3095 otium,
730 3015 877 3105 persequi
898 3014 1090 3100 cogitamus,
1111 3017 1153 3082 ab

212 3160 269 3216 aa,
290 3146 371 3221 quae
395 3129 484 3218 prior
505 3143 571 3212 est,
596 3126 791 3196 ordiemur.’'
838 3127 939 3217 Quod
948 3127 1058 3196 iisdem
1070 3155 1151 3218 pae-

210 3381 214 3387 ’
256 3366 297 3442 (1)
318 3363 381 3422 Cat.
415 3382 442 3422 e.
481 3363 511 3438 4,
549 3364 621 3440 Τορ.
658 3361 737 3428 1,9.
783 3360 1081 3436 (mium-41.
1107 3359 1153 3419 cf.

214 3473 324 3535 Arist.
346 3471 418 3549 Top.
442 3470 464 3546 Ι,
499 3472 526 3545 i,
549 3473 657 3551 μέθοδον
679 3473 782 3546 εὑρεῖν,
803 3464 845 3545 ἀρ’
865 3470 896 3535 ἧς
918 3469 1082 3545 δυνησόμεθα
1093 3471 1155 3528 συλ-

217 3590 356 3664 λογίζεθαι
394 3586 453 3659 περὶ
485 3581 580 3644 παντὸς
610 3585 655 3635 τοῦ
700 3581 864 3652 προτεθέντος
904 3578 1091 3652 προβλήματος
1128 3579 1156 3643 ἕξ

217 3696 348 3762 ἐνδόξων,
380 3692 425 3746 καὶ
458 3690 534 3745 αὐτοὶ
576 3687 652 3760 λόγον
684 3685 844 3759 ὑπέχοντες,
866 3683 945 3760 μηθὲν
968 3685 1073 3758 ἐροῦμεν
1095 3685 1156 3741 ὑπι-

217 3806 342 3866 νοιντίον,
374 3792 530 3860 Gellius,
552 3789 613 3859 XV,
635 3788 687 3850 26·
733 3788 772 3864 (ὅ)
795 3788 867 3866 Τθρ.
893 3806 920 3848 c·
942 3787 974 3848 2·
1001 3785 1047 3849 Cs.
1073 3784 1155 3849 Orat·

215 3923 242 3963 e.
272 3903 311 3961 52
336 3912 365 3962 οι
393 3901 446 3959 51.
