2602 4620
608 284 687 358 *tut

176 467 365 566 stinguere,
386 478 561 542 memoriae
567 475 704 564 prodito
715 473 913 565 dijudicare,
926 479 1120 550 fundamen-

176 603 249 658 tum·
271 591 333 659 fuit
365 591 467 658 omnis
502 591 625 659 criticae
648 595 742 676 ortis,
782 605 861 683 qnae
883 611 951 662 orto
986 597 1119 688 quidem

176 727 195 770 e
238 703 390 773 cernendi
423 721 489 771 arte
517 703 764 797 inveniendique
799 708 950 778 methodo
981 712 1119 780 Plato·

176 824 259 908 nis,
290 821 464 912 judicandi
492 839 596 891 tomen
629 827 805 924 praeceptis
837 828 900 893 sive
921 826 1121 916 syllogisticae

176 939 419 1009 Aristotelis
440 943 536 1029 magis
562 941 797 1017 accommodata
822 957 854 1008 et
872 944 912 1009 ab
939 941 1000 1009 hoc
1033 965 1121 1033 quo·

176 1067 240 1148 que
271 1058 406 1123 maxime
424 1056 506 1125 culto
539 1058 600 1124 fuit
630 1054 1122 1148 (l).c1·itiea,addispellen-

173 1169 228 1236 dos
263 1171 391 1237 nebulas
415 1195 524 1239 omnes
546 1174 580 1239 in
602 1172 708 1240 studio
728 1172 863 1241 veritatis
885 1172 1039 1262 imprimis
1058 1171 1112 1238 cf‘·

174 1285 276 1368 ficox,
309 1284 495 1377 disputandi
530 1289 566 1353 in
604 1305 772 1379 utramque
804 1303 927 1380 partem
961 1266 1133 1359 rationed*
1172 1277 1175 1281 ’

143 1439 145 1442 ·
175 1411 308 1476 maxime
342 1412 538 1503 provexit'et
558 1415 671 1480 oratori
696 1410 863 1499 δεινότητα,
889 1414 954 1479 vim
974 1411 1115 1489 dicendi,

177 1526 363 1595 conciliarit.
411 1529 502 1594 Hanc
524 1529 620 1614 igitur
637 1546 737 1595 ortem
759 1510 1118 1619 Ciceroimprimis'in
1210 1548 1220 1565 ·

176 1639 340 1712 censendis
373 1643 570 1726 oratoribus,
602 1643 820 1736 philosophis,
843 1641 998 1709 historicis
1021 1640 1118 1709 edhi-

177 1759 271 1843 buit,
297 1773 351 1839 et,
375 1775 410 1822 ut
433 1757 674 1825 Aristoteles
707 1756 781 1849 (2),
809 1780 881 1825 ‘non
901 1754 1018 1847 sc'riptn
1037 1750 1120 1827 scri-

178 1890 348 1966 ptorumve
380 1871 555 1958 editiones,
588 1871 643 1939 sed
678 1875 761 1964 ipsos
787 1875 977 1966 scriptores,
1012 1883 1121 1944 eorum
1237 1887 1239 1892 ’

179 1989 291 2082 placita
323 1991 468 2079 variaque
497 1992 532 2056 in
566 1989 662 2055 literis
683 1991 816 2074 merita,
841 1979 1128 2060 characterismnm·

179 2083 216 2173 ut
237 2109 279 2174 ito
305 2103 429 2192 dicam,
452 2107 604 2199 spectavit
622 2105 765 2171 maxime.
903 2082 906 2090 Α

225 2228 264 2293 In
282 2227 455 2292 oratoribus
477 2248 650 2315 eorumque
675 2225 840 2309 generibus
861 2202 1060 2291 ⁴recensendis
1084 2228 1117 2292 in

181 2345 307 2409 Bruto
328 2342 392 2406 sive
415 2337 535 2426 dialogo
554 2336 594 2404 de
618 2336 716 2405 Claris
735 2340 943 2423 Oratoribus,
969 2341 1119 2408 Cicero

180 2459 336 2545 egregium
359 2480 390 2521 se
416 2458 563 2522 criticum
586 2455 748 2543 praestitit.
780 2448 818 2519 Iti
838 2458 909 2543 ‘quo
929 2478 1024 2542 opere
1046 2454 1121 2543 pal·

181 2570 280 2634 inorio
312 2563 542 2633 conscribendo
576 2578 699 2655 praesto
728 2564 761 2627 'ei
793 2563 854 2627 suit
878 2557 1122 2634 Aristotelis

180 2689 286 2756 similis
308 2689 483 2776 argumenti
505 2687 585 2752 liber
606 2685 670 2776 περὶ
715 2691 826 2773 τεχνῶν
872 2697 1039 2776 συναγωγῆς
1057 2679 1117 2780 (3).’

180 2807 271 2874 Licet
294 2822 398 2872 autem
421 2803 479 2872 hic
502 2829 631 2894 quoque
655 2800 858 2892 comparandi
873 2803 1051 2874 facultatem
1061 2808 1116 2874 in-

176 2924 259 3012 juria
299 2939 478 3012 temporum
512 2920 604 2986 nobis
626 2918 796 3006 eripuerit,
831 2921 985 3010 exipsius
1013 2923 1117 2989 tamen¹
1163 2925 1167 2931 ⁴

181 3036 390 3105 Ciceronis
413 3034 594 3100 testimoniis
618 3035 730 3122 quanti
753 3031 817 3100 hoc
838 3058 918 3125 opus
939 3035 1113 3125 feceritju—

180 3147 284 3219 dicore
306 3145 512 3218 conceditur:
560 3148 721 3230 „Veteres
748 3148 914 3239 scriptores
939 3151 1034 3234 artis,
1059 3144 1115 3219 us·

178 3267 246 3353 'que
267 3289 284 3328 a
308 3263 455 3355 principe
475 3259 528 3328 illo
547 3277 642 3348 atque
661 3262 825 3328 inventore
853 3264 960 3330 Tisia
994 3269 1115 3359 repeti-

191 3437 430 3454 m

222 3553 262 3628 (i)
285 3549 346 3609 Ph.
370 3548 406 3608 G.
429 3568 492 3608 van
513 3549 666 3625 chsde,
690 3552 751 3610 init.
784 3553 820 3626 tl,
848 3553 884 3628 li,
910 3573 941 3632 p.
973 3555 1031 3616 175
1052 3576 1115 3637 sqq.

181 3663 219 3740 (2)
243 3662 294 3724 eff.
320 3661 453 3735 Euhie,
484 3658 520 3718 Ο.
552 3661 572 3718 Ι.
597 3660 645 3738 lll,
668 3681 698 3739 p.
726 3661 787 3719 239
812 3680 875 3739 sqq.
896 3663 1059 3744 etTitze,
1076 3668 1112 3729 Ο.

180 3773 201 3830 Ι.
231 3794 261 3852 p.
285 3772 354 3832 ΗΟ.
400 3771 439 3848 (ὃ)
462 3769 515 3829 cit.
540 3769 724 3848 Menagius
746 3770 781 3830 ud
805 3769 903 3850 Diog.
929 3774 1053 3856 Laert.
1078 3780 1113 3858 V,

182 3880 223 3941 ot
252 3882 294 3958 (T.
320 3883 356 3958 lt,
387 3901 418 3962 p.
452 3880 520 3957 tet)
557 3890 585 3939 et
606 3878 730 3956 stulu,
757 3879 792 3956 ΙΙ,
820 3899 849 3958 p.
884 3883 952 3944 155.
